3102 5158
236 225 302 290 366
702 222 829 292 Leopold
849 221 939 278 Ochu:

239 415 267 472 p.
289 395 383 465 1963,
404 394 444 452 39
470 386 516 450 ἔτι
535 388 571 452 ἐκ
589 391 644 466 τῆς
663 388 782 466 μηλέας
801 385 852 449 καὶ
872 385 1012 465 Μηλίδες
1035 384 1066 448 αἱ
1087 385 1166 449 κατά
1184 385 1324 465 Δωριεῖς
1345 387 1428 451 Μα-

236 479 322 543 λίδες
341 477 476 558 νύμφαι,
502 477 534 541 αἳ
559 477 609 540 καὶ
632 475 847 555 τριςυλλάβως
867 473 1031 539 Μαλιάδες
1050 474 1130 538 κατὰ
1152 475 1190 538 τὸ
1210 474 1325 554 ‘circu
1345 478 1427 541 Μα-

237 566 353 644 λιάδες,
373 566 470 646 φίττα
487 564 596 641 Ῥοιαί,
616 565 713 644 φίττα
732 562 870 642 Μελίαι’,
889 565 925 628 ἐν
944 562 992 628 οἷς
1012 567 1149 644 νυμφῶν
1168 565 1226 642 μέν
1242 564 1319 629 εἰςιν
1340 565 1426 630 ὀνό-

236 677 319 736 ματα
341 655 383 719 τὰ
407 654 542 732 θηλυκά,
566 654 604 718 τὸ
628 655 663 717 δὲ
688 653 785 733 φίττα
808 653 965 732 ἐπίρρημα
984 651 1102 730 τάχους
1121 652 1299 731 δηλωτικόν
1320 654 1428 736 [καθὰ

237 747 287 810 καὶ
306 744 393 823 παρά
412 742 573 826 Θεοκρίτῳ
593 744 630 808 τὸ
651 742 760 822 ςίττα]Ι
798 766 875 823 quac
894 766 929 806 cx
948 746 1072 806 Suetoni
1096 747 1173 806 libro
1193 747 1331 807 derivata
1350 767 1426 807 asse

237 840 275 898 ab
294 837 453 898 Eustathio
473 837 559 897 docet
572 838 674 912 glossa
688 855 749 896 cxc.
764 835 820 894 ML
840 830 950 911 φίττα·
969 832 1007 894 τὸ
1026 833 1107 910 ταχὺ
1125 831 1276 911 ςημαίνει,
1296 838 1327 896 ct
1346 857 1425 897 con-

237 929 375 988 firmatur
399 945 544 986 consensu
563 925 694 986 Pollucis
712 925 755 984 IX
776 927 837 984 127
863 923 1024 997 γυναικῶν
1043 921 1079 983 δὲ
1103 923 1226 998 μάλλον
1250 922 1269 1001 ἡ
1294 921 1425 999 παιδιά,

239 1012 346 1090 ὥςπερ
366 1012 417 1075 καὶ
439 1012 459 1090 ἡ
479 1009 575 1090 φίττα
595 1009 771 1088 Μαλιάδες,
797 1009 894 1088 φίττα
911 1009 1024 1087 Ῥοιαί,
1044 1008 1140 1089 φίττα
1161 1010 1277 1074 Μελίαι
1295 1013 1425 1090 παρθέ-

231 1119 318 1166 νων·
346 1100 402 1164 τὰς
425 1099 486 1178 γάρ
509 1099 636 1179 νύμφας
665 1099 862 1178 εὐφημοῡςαι
887 1100 991 1164 θέουςι
1015 1099 1249 1176 παροξύνουςαι
1273 1098 1425 1179 ἀλλήλας

239 1190 283 1254 εἰς
302 1188 408 1268 τάχος.
445 1193 556 1269 repetit
575 1194 653 1252 hunc
675 1193 775 1252 lusum
795 1193 879 1252 hiust.
898 1213 927 1268 p.
947 1193 1026 1267 855,
1046 1194 1102 1266 25,
1128 1193 1180 1252 ubi
1199 1193 1277 1252 aliae
1301 1193 1423 1253 similes

238 1283 460 1343 interiectioncs
480 1273 762 1361 enumerantur.·¹⁷⁸)

327 1365 587 1444 κυνδαλιςμός.
630 1369 737 1430 Obiter
760 1371 839 1428 hunc
863 1371 963 1429 lusum
987 1371 1091 1447 attigit
1115 1371 1199 1431 dost.
1219 1391 1247 1446 p.
1270 1373 1348 1446 540,
1374 1374 1422 1434 23

240 1457 345 1520 ἰςτὲον
364 1457 400 1520 δὲ
420 1456 471 1519 καὶ
484 1455 534 1518 ὅτι
553 1453 678 1531 γλῶςςά
692 1475 738 1518 τις
754 1456 880 1531 λέγεται
894 1454 1072 1519 κυνδάλους
1087 1457 1193 1532 λέγειν
1208 1457 1283 1521 τοὺς
1298 1456 1422 1520 παςςά-

238 1549 316 1610 λους
339 1546 390 1610 καὶ
413 1544 689 1608 κυνδαλοπαίκτας
715 1537 791 1608 τοὺς
815 1541 1096 1629 παςςαλιςτάε111),
1123 1543 1199 1610 ὅθεν
1223 1546 1274 1609 καὶ
1303 1546 1422 1612 παιδιά

237 1655 284 1699 τις
304 1634 356 1697 διὰ
374 1631 545 1698 παςςάλῳν
569 1634 725 1712 γενομένη
749 1634 958 1710 κυνδαλιςμός
977 1634 1117 1709 ἐλέγετο.
1150 1656 1262 1698 marom
1281 1640 1422 1716 glossam

238 1730 398 1810 servarunt
426 1725 496 1786 ML:
530 1722 700 1787 κύνδαλος·
733 1721 752 1784 ὁ
784 1721 951 1786 πάςςαλος.
999 1746 1066 1786 oum
1094 1727 1254 1787 Eustatbio
1283 1727 1421 1788 concinit

238 1817 369 1893 Hesych.
399 1810 539 1889 κυνδάλη
569 1809 651 1894 (sic)·
681 1810 791 1876 παιδιά
818 1831 873 1874 τις.
920 1811 971 1874 καὶ
999 1811 1030 1875 οἱ
1058 1813 1116 1889 μὲν
1144 1811 1422 1890 ὑπομνηματιςταὶ

239 1899 399 1965 κυνοάλας
422 1900 478 1963 τὰς
503 1900 656 1963 ςιςυτάλας
680 1898 851 1977 ἀπέδοςαν,
876 1899 906 1963 οἱ
930 1901 965 1963 δὲ
989 1900 1029 1963 τὰ
1051 1902 1319 1980 γεωμετρούμενα
1342 1905 1420 1982 ςχή-

238 2010 330 2069 ματα.
368 1992 492 2053 rauba·
518 1987 696 2053 κυνδάλους
723 1989 784 2067 γὰρ
812 1988 927 2065 ἔλεγον
955 1990 1030 2052 τοὺς
1058 1989 1239 2054 παςςάλους
1268 1991 1319 2054 καὶ
1341 2012 1420 2056 κυν-

239 2077 457 2156 δαλοπαίκτην
483 2079 542 2142 τὸν
571 2079 788 2157 παςςαλυςτήν.
827 2075 947 2158 supplet
971 2081 1146 2142 Suetonium
1171 2083 1420 2161 Hesychiumque

238 2173 345 2232 Pollux
364 2171 407 2229 IX
427 2173 491 2233 120
511 2167 530 2230 ὁ
553 2168 588 2230 δὲ
609 2167 816 2244 κυνδαλιςμός
836 2166 888 2230 διὰ
907 2167 1090 2231 πατταλίων
1109 2168 1173 2232 ἐςτὶ
1192 2167 1311 2233 παιδιά.
1342 2171 1419 2234 κύν-

240 2259 323 2320 δαλα
351 2255 412 2333 γὰρ
441 2255 517 2320 τοὺς
545 2255 728 2320 παττάλους
757 2254 933 2334 ὠνόμαζον.
977 2257 1017 2334 ἦν
1045 2258 1080 2320 δὲ
1113 2256 1210 2335 ἔργον
1242 2257 1282 2321 ού
1315 2258 1419 2336 μόνον

239 2345 327 2428 αύτῷ
351 2344 412 2408 τινὶ
440 2349 615 2422 καταπῆξαι
639 2345 696 2407 τὸν
720 2344 885 2408 πάτταλον
909 2345 989 2407 κατὰ
1011 2349 1067 2424 τῆς
1091 2347 1235 2424 διύγρου,
1260 2345 1420 2414 ἀλλὰκαὶ

239 2434 297 2499 τὸν
326 2435 552 2510 καταπαγέντα
580 2434 744 2512 ἐκκροῦςαι
766 2433 931 2511 πλήξαντα
954 2433 1034 2496 κατὰ
1054 2435 1112 2513 τὴν
1137 2437 1282 2514 κεφαλὴν
1315 2436 1417 2520 ἑτέρῳ

240 2521 407 2606 παττάλῳ·
440 2521 517 2588 ὅθεν
547 2523 598 2586 καὶ
630 2523 649 2600 ἡ
678 2521 831 2601 παροιμία
855 2520 938 2605 εἡλῳ
966 2523 1024 2586 τὸν
1052 2523 1149 2604 ἧλον,
1177 2523 1330 2608 παττάλῳ
1359 2528 1417 2590 τὸν

240 2608 421 2678 πάτταλον’
446 2610 496 2691 (cf.
515 2614 656 2676 Leutsch.
680 2617 718 2674 ad
737 2616 824 2691 Diog.
843 2615 977 2676 Pron-V
1000 2610 1063 2695 16).
1101 2611 1181 2677 ἔνιοι
1204 2615 1240 2676 δὲ
1258 2617 1325 2678 τῶν
1345 2617 1417 2678 Δω-

241 2701 338 2779 ριέων
362 2703 506 2777 ποιητῶν
529 2700 587 2764 τὸν
611 2699 675 2764 ὧδε
699 2701 855 2766 παίζοντα
878 2700 1154 2779 κυνδαλοπαίκτην
1178 2702 1341 2768 ἐκάλεςαν.

330 2787 600 2866 άςκωλιαςμός.
638 2793 838 2854 Suetonianao
862 2795 899 2853 da
927 2796 982 2854 hoc
1009 2795 1078 2854 lusu
1102 2796 1314 2871 disputationis
1344 2799 1417 2857 haec

239 2885 360 2942 tantum
380 2882 522 2952 exhibent
540 2869 611 2941 ML:
631 2877 860 2957 ἀςκῳλιαςμός·
879 2879 916 2942 τὸ
936 2877 994 2958 ἐφ’
1013 2879 1087 2944 ἑνὸς
1105 2881 1208 2944 ποδὸς
1229 2881 1356 2960 βαίνειν.
1365 2879 1416 2968 180)

240 2973 330 3048 plura
349 2991 365 3031 e
384 2970 526 3031 Suetonio
546 2972 705 3048 descripsit
723 2974 807 3032 Eust.
822 2994 850 3049 p.
869 2975 962 3046 1646,
979 2976 1017 3031 21
1040 3016 1113 3034 ....
1133 2970 1184 3032 καὶ
1203 2967 1416 3050 άςκιυλιάζειν,

241 3055 321 3134 ὅπερ
341 3057 404 3121 ἐςτὶ
427 3056 507 3119 κατὰ
530 3055 728 3134 κυριολεξίαν
751 3057 808 3135 μὲν
832 3057 868 3121 ἐν
887 3055 971 3140 άςκῳ
996 3057 1126 3134 λιάζειν,
1151 3057 1177 3140 ᾧ
1201 3063 1416 3144 πεφυςημένῳ

240 3148 445 3224 ἐμπηδῶντες
464 3144 494 3209 οἱ
515 3144 704 3224 βουλόμενοι
724 3145 759 3209 ἔν
774 3165 834 3209 τινι
853 3145 949 3229 ἑορτῇ
969 3145 1042 3227 [οὐκ
1060 3145 1183 3226 ἀμφοῖν
1202 3152 1319 3213 ποδοῖν
1334 3148 1417 3213 ἀλλὰ

241 3235 302 3314 ἑνὶ]
326 3235 377 3298 καὶ
400 3233 444 3298 ὡς
464 3233 547 3299 εἰκὸς
571 3234 629 3299 οὐκ
648 3234 876 3313 εύςτοχοῡντες
900 3233 983 3298 ἀλλά
1007 3257 1070 3300 που
1090 3237 1141 3300 καὶ
1163 3237 1416 3303 καταπίπτοντες

241 3323 412 3388 ὑπεκίνουν
431 3325 559 3399 γέλωτα
578 3329 645 3394 τοῖς
665 3326 847 3404 θεωμένοις,
881 3322 987 3388 άλλως
1007 3327 1115 3404 μέντοι
1135 3328 1222 3405 παρὰ
1241 3331 1309 3392 τοῖς
1328 3327 1414 3392 ύςτε-

241 3432 300 3492 ρον
319 3411 524 3479 ἀςκυιλιάζειν
544 3413 750 3492 ἑρμηνεύεται
769 3415 807 3478 τὸ
827 3414 875 3478 ἑνὶ
894 3416 970 3479 ποδὶ
990 3414 1148 3480 άλλεςθαι.
1187 3439 1255 3478 cum
1275 3420 1414 3480 Suetonio

240 3508 304 3566 fare
327 3507 466 3582 congruit
483 3506 618 3576 Boethus
642 3525 689 3582 ap.
713 3508 804 3568 schol.
827 3508 905 3568 Plat.
926 3508 1028 3584 Symp.
1047 3529 1074 3584 p.
1084 3509 1185 3591 ‚190d
1210 3502 1413 3566 άςκιυλιάῑειν

241 3589 356 3669 κυρίως
380 3592 437 3670 μὲν
460 3591 498 3655 τό
521 3592 574 3656 ἐπὶ
596 3593 672 3656 τοὺς
695 3590 809 3656 άςκούς
833 3592 983 3659 άλλεςθαι
1006 3592 1248 3670 ἀληλιμμένους,
1271 3588 1330 3667 ἐφ’
1357 3589 1411 3653 οὓς

316 3765 362 3834 111)
380 3765 481 3819 Nauck
499 3765 593 3832 (Arist.
613 3764 676 3834 Byz.
696 3782 723 3834 p.
744 3769 806 3831 160)
829 3766 859 3820 in
878 3766 917 3820 eis
936 3782 1008 3834 quae
1027 3763 1063 3819 ab
1082 3761 1231 3815 Eustathio
1251 3781 1277 3832 p.
1297 3769 1359 3830 855,
1380 3770 1410 3818 19

241 3837 400 3892 tractantur
412 3834 608 3906 Aristophanis
623 3837 802 3905 grammatici
816 3837 973 3892 doctrinam
987 3849 1137 3904 agnoscere
1157 3831 1212 3887 sibi
1227 3834 1303 3890 visus
1323 3838 1410 3891 totum

241 3910 335 3964 locum
358 3908 395 3962 ad
417 3911 502 3976 capnt
522 3911 584 3976 περί
607 3910 832 3977 προςφωνήςευιν
859 3904 1035 3962 referendum
1058 3903 1212 3959 arbitratus
1235 3910 1306 3977 erat.
1344 3925 1411 3978 quae

242 3977 383 4035 sententia
409 3995 493 4047 quam
520 3979 683 4049 longissime
711 3997 728 4035 a
758 3996 824 4034 vcro
848 3980 935 4033 abest.
980 3992 1048 4031 aava
1074 3977 1168 4029 autem
1197 3979 1293 4034 credas
1322 3982 1409 4035 totum

241 4053 335 4106 locum
350 4050 513 4105 continuum
527 4066 561 4104 ex
570 4067 626 4104 uno
636 4051 791 4120 eodemque
805 4051 882 4106 fonte
897 4047 1016 4102 fluxisse.
1041 4046 1206 4102 Eustatbius
1220 4051 1409 4119 ἑπιφθέγματα

242 4122 295 4177 illa
317 4139 332 4176 e
355 4121 473 4176 diversis
493 4121 617 4176 fontibus
641 4121 797 4190 conquisita
820 4121 934 4190 propter
962 4117 1122 4189 argumenti
1146 4119 1360 4177 similitudinem
1384 4123 1410 4177 in

242 4212 327 4250 uuum
346 4193 440 4248 locum
459 4192 607 4260 congessit.
640 4195 725 4261 atque
744 4195 899 4248 extremum
917 4190 990 4245 illud
1009 4191 1096 4258 φίττα
1115 4206 1130 4244 e
1149 4190 1222 4247 libro
1243 4193 1409 4250 Suetoniano

243 4264 424 4334 deprompsit.
444 4295 478 4304 -
505 4264 552 4332 171)
572 4263 710 4334 Corrupta
728 4263 858 4319 Eustathi
880 4262 968 4318 verba
990 4262 1208 4318 κυνδαλοπλίτας
1230 4268 1297 4319 τοὺς
1318 4283 1409 4320 παςςα-

242 4338 348 4392 λίςκους
371 4336 492 4391 correxit
513 4335 660 4390 Meursius.
685 4367 718 4376 —
745 4335 791 4403 1⁸⁰)
816 4333 856 4388 Of.
877 4333 953 4390 said.
978 4332 1008 4388 in
1029 4335 1084 4389 fine
1107 4334 1145 4404 gl.
1169 4336 1250 4390 ἀςκός
1273 4337 1296 4402 (Ι
1316 4343 1409 4406 797,5

243 4407 369 4476 Bernh.):
390 4410 435 4461 καλ
453 4409 638 4474 ἀςκωλιαςμὸς
657 4407 760 4474 ὁμοίως
777 4408 811 4461 τὸ
830 4407 877 4476 ἐφ’
896 4407 959 4462 ἑνὸς
976 4408 1065 4462 ποδὸς
1083 4405 1195 4475 βαίνειν.
