3102 5158
135 280 177 340 De
192 282 381 355 Aristophane
396 281 531 354 Byzantio
548 283 577 339 et
595 279 728 338 Suetonio
739 279 903 352 Tranquillo
917 279 1048 365 Eustathi
1063 279 1231 337 auctoribus.
1251 275 1326 342 347·

142 449 330 529 ἐκφέρεςθαι
348 447 496 528 τρόπους.
527 454 579 514 sed
598 452 742 513 uberrimi
760 452 842 513 illius
862 453 959 529 operis
973 441 1082 512 misera
1100 441 1217 512 tantum
1234 449 1316 526 frag·

139 544 242 602 menta
252 544 288 602 ad
299 563 352 602 nos
362 548 563 619 pervenerunt
577 534 710 624 (Bekker
724 543 835 603 Anecd.
851 542 900 602 Gru
915 542 929 600 I
946 533 1078 622 3—74).
1097 573 1133 582 -
1151 542 1189 600 ad
1207 541 1316 600 lexico-

125 670 130 681 .
137 633 270 709 graphas
294 632 360 692 illos
383 633 527 692 accedunt
551 633 662 692 scholia
685 632 717 691 in
740 631 971 708 Aristophanem
995 633 1112 707 vetera,
1135 649 1225 706 quae,
1249 647 1315 688 cum

139 722 301 798 Didymum
315 721 508 797 praecipuum
523 724 675 782 auctorem
689 722 800 781 habere
819 723 944 790 constet,
963 721 1043 779 haud
1053 737 1125 778 raro
1145 737 1213 778 cum
1230 719 1317 786 Pam·

138 811 214 885 phili
234 810 432 880 sectatoribus
452 811 618 871 concinunt.
655 810 734 870 idem
754 811 836 871 valet
854 810 890 868 de
909 809 1158 886 Harpocratione,
1183 808 1234 884 qui
1257 826 1317 866 non

138 898 321 974 aPamphilo
339 901 388 959 vel
399 900 462 959 eius
477 898 721 976 compilatoribus
736 899 854 976 pendet,
870 898 921 957 sed
935 899 1092 974 praecipue
1107 897 1201 968 lexica
1215 897 1316 955 decem

138 989 290 1047 oratorum
306 1008 322 1048 e
336 988 460 1066 Didymi
479 988 698 1048 commentariis
714 989 745 1048 in
759 990 892 1048 oratores
907 987 1026 1063 scriptis
1045 1004 1185 1064 magnam
1200 988 1315 1062 partem

141 1079 305 1153 composita
323 1077 444 1137 videtur
462 1077 644 1137 adhibuisse.
1030 1117 1037 1132 .

227 1167 292 1224 Iam
309 1167 444 1242 exempla
459 1167 605 1243 quaedam
619 1167 769 1242 proferam
784 1166 822 1224 ad
836 1183 1012 1226 consensum
1026 1163 1150 1224 Suetoui
1165 1166 1196 1222 et
1209 1163 1318 1222 lexico·

138 1255 321 1331 graphorum
345 1255 465 1316 illorum
488 1256 761 1316 demonstrandum.
797 1255 829 1313 in
854 1249 1061 1330 βλαεφημίαιε
1087 1249 1131 1313 εἰς
1154 1247 1317 1326 πονηρούς

139 1343 298 1404 Suetonius
317 1345 493 1404 uocabulum
516 1341 706 1420 βαεαύχην
723 1345 940 1420 interpretatus
955 1353 1009 1402 est.
1037 1342 1065 1401 in
1083 1341 1143 1401 ML
1157 1341 1231 1400 haec
1248 1341 1316 1400 tan-

137 1437 202 1490 tum
227 1436 398 1492 servantur:
431 1430 590 1508 dccccxcv
619 1429 637 1492 ὁ
665 1427 931 1508 έπιβουλευτικός.
975 1431 1143 1490 accuratius
1168 1429 1316 1505 excerpsit

136 1523 221 1581 Euat.
245 1541 272 1596 p.
293 1524 370 1595 838,
392 1524 431 1581 18
457 1518 765 1597 ...τροπικώτερον
790 1517 808 1580 ὁ
834 1513 1053 1597 βυςαύχηνῑέθ)
1076 1514 1184 1594 ψόγον
1208 1518 1317 1593 δηλοῖ·

139 1605 280 1684 ςημαίνει
303 1607 364 1684 γὰρ
388 1607 446 1670 τὸν
469 1607 736 1687 ἐπιβουλεοτικόν,
761 1605 806 1670 ὥς
829 1625 926 1685 φαςιν
949 1605 980 1670 οἱ
999 1603 1140 1670 παλαιοί.
1172 1604 1223 1667 καὶ
1241 1602 1316 1666 lucc

138 1698 439 1774 φοςιογνωμανικῶς
462 1696 589 1775 ἐρρέθη,
620 1695 664 1758 ὡς
688 1693 752 1759 ἀπὸ
776 1696 883 1778 Ζῴων,
912 1692 971 1758 dcc
994 1696 1144 1772 λοχῶντα
1166 1695 1185 1772 ἢ
1210 1690 1316 1756 ἄλλως

138 1785 321 1862 θυμούμενα
345 1788 462 1862 ςιμούςι
486 1787 562 1848 τοὺς
586 1784 724 1864 αὐχένας
747 1785 783 1848 ἐν
811 1789 857 1868 τῷ
885 1785 1013 1862 μέλλειν
1041 1782 1195 1860 έμπηδᾶν.
1237 1785 1316 1843 idem

139 1878 317 1936 vocabulum
336 1877 441 1936 Aelius
460 1877 622 1955 Dionysius
638 1881 668 1937 et
684 1876 851 1936 Pausanias
871 1877 1020 1953 explicant
1039 1895 1085 1951 ap.
1098 1875 1183 1934 Euat.
1198 1895 1226 1950 p.
1242 1876 1316 1947 207,

139 1968 158 2024 4
178 1962 349 2026 Διονύςιος
372 1962 433 2041 γὰρ
457 1961 682 2043 Αἴλιόςιφηςιν
701 1960 750 2025 ὅτι
770 1961 930 2041 βυςαύχην
949 1960 968 2024 ὁ
986 1961 1062 2025 τούς
1081 1958 1188 2037 ὤμους
1207 1959 1316 2022 ςυνέλ-
1439 1975 1445 1990 ’

138 2071 203 2115 κων
232 2051 285 2114 ἐπὶ
312 2051 370 2115 τὸν
398 2050 569 2130 τράχηλον.
605 2050 796 2116 Παυςανὶας“
819 2051 928 2129 μέντοι
956 2050 1052 2128 φηςὶν
1079 2047 1128 2111 ὅτι
1158 2047 1317 2128 βυςαύχην

139 2138 158 2202 ὁ
181 2141 240 2203 τὸν
268 2139 390 2218 αὐχένα
417 2143 560 2219 ςυνέχων
588 2141 639 2204 καὶ
666 2141 742 2205 τοὺς
771 2139 878 2218 ὤμους
905 2137 1060 2203 ἀνέλκων.
1097 2140 1165 2200 Aeli
1190 2139 1317 2217 Dionysi

138 2234 270 2310 glossam
290 2252 305 2292 e
325 2232 433 2293 Photio
454 2226 547 2314 (nunc
561 2224 682 2313 mutilo)
698 2233 856 2308 descripsit
874 2231 994 2292 Suidas:
1016 2226 1187 2306 βυςαύχην·
1207 2224 1316 2290 ὁτοὺς

138 2317 245 2396 ὤμους
272 2320 432 2382 ςυνέλκων
461 2319 513 2382 ἐπὶ
540 2319 599 2382 τὸν
627 2316 797 2396 τράχηλον.
839 2340 906 2381 cum
930 2319 1080 2380 Pausania
1103 2318 1230 2379 concinit
1252 2319 1316 2377 fere

139 2410 322 2487 Hesychius:
348 2406 520 2486 βυεαύχην·
545 2406 563 2470 ὁ
587 2409 748 2471 ςυνέλκων
771 2407 829 2470 τὸν
852 2405 1015 2484 τράχηλον
1038 2405 1089 2467 καὶ
1113 2403 1171 2468 τὸν
1194 2401 1316 2482 αὐχένα

138 2497 248 2574 μικρὸν
263 2498 366 2560 ποιῶν
380 2497 431 2559 καλ
450 2498 527 2560 τούς
543 2495 651 2574 ὤμους
665 2491 874 2576 aversurum)
911 2500 1002 2575 neget
1020 2497 1149 2556 fortasse
1168 2496 1316 2572 quispiam

139 2589 235 2648 ullum
254 2592 372 2648 exstare
396 2608 572 2660 consensum
595 2587 675 2648 inter
699 2587 874 2648 Suetonium
893 2592 924 2646 at
943 2587 1100 2646 Atticistas
1119 2584 1315 2661 Hesychium·

139 2697 205 2754 que.
242 2678 303 2736 iam
326 2697 397 2738 vero
415 2679 446 2736 in
465 2678 594 2737 Pollucis
614 2676 810 2737 Onomastico'
824 2676 855 2736 II
875 2678 937 2736 135
963 2677 1036 2734 haec
1059 2674 1215 2750 leguntur:
1246 2674 1315 2749 βυς-

139 2763 242 2841 αὐχην
269 2763 305 2826 δὲ
329 2761 348 2825 δ
371 2764 447 2827 τούς
470 2764 528 2841 μὲν
555 2761 661 2841 ὤμους
685 2761 830 2826 ἀνέλκων
852 2762 910 2826 τὸν
934 2762 969 2824 δὲ
995 2759 1116 2838 αὐχένα
1145 2759 1314 2836 ςονέλκων,

139 2852 183 2916 ὃν
211 2851 421 2930 ἐπίβουλον
448 2849 707 2929 Ἀριςτοτέλης
735 2853 1054 2929 φυςιογνωμονεῐ.
1092 2853 1177 2914 ¹vides
1211 2851 1314 2911 Sueto-

138 2945 221 3004 nium
245 2949 276 3004 et
297 2944 456 3004 Atticistas
480 2945 722 3021 Hesychiumqua
745 2944 872 3004 inuicem
900 2962 931 3002 se
960 2943 1108 3019 supplere.
1145 2959 1161 2999 e
1185 2940 1315 3000 Pollucis

139 3035 204 3093 loco
232 3034 372 3092 hastathi
400 3033 493 3093 verba
520 3030 571 3093 καὶ
597 3027 672 3092 icccc
705 3030 1008 3107 φυςιογνωμονικύις
1035 3028 1100 3090 κτλ.
1128 3048 1145 3088 e
1173 3028 1315 3089 Suetonio

142 3123 293 3199 descripta
312 3141 377 3182 esse
396 3126 530 3198 apparet.
568 3123 736 3198 exemplum
755 3125 802 3182 est
821 3121 1022 3181 memorabile.

230 3206 420 3285 ἀποφράδες
442 3208 554 3286 ἡμέραι
574 3212 646 3288 quid
663 3211 695 3270 in
708 3211 773 3270 iure
792 3211 911 3286 publico
926 3207 1155 3269 Atheniensium
1170 3206 1316 3283 significa-

143 3301 243 3360 verint
260 3304 385 3360 constat.
420 3299 579 3361 Suetonius
593 3302 625 3358 in
645 3299 851 3375 βλαςφημιῶν
870 3299 967 3374 capite
986 3293 1030 3357 εἰς
1044 3291 1206 3369 πονηρούς
1226 3296 1315 3354 etiam

140 3391 176 3449 de
204 3389 374 3449 hominibus
402 3390 525 3449 nefariis
552 3383 704 3464 ἀποφράς
732 3389 843 3448 dictum
871 3407 937 3448 esse
963 3387 1071 3447 docuit.
1114 3384 1167 3444 sed
1190 3403 1226 3443 cx
1252 3384 1316 3443 eius

139 3478 341 3555 disputatione
364 3480 437 3538 haec
461 3482 579 3540 matum
608 3478 742 3538 servavit
765 3478 808 3538 M:
837 3471 1002 3552 ἀποφράς·
1031 3469 1097 3534 ἀπὸ
1119 3472 1185 3533 τῶν
1209 3471 1315 3547 μελαι-

140 3567 206 3629 νῶν
234 3565 370 3642 ἡμερῶν.
415 3569 556 3644 supplent
583 3565 758 3626 Suetonium
791 3566 960 3642 Hesychius
993 3563 1182 3640 Phrynichus
1217 3563 1316 3638 Etym.

140 3658 213 3732 Mg.:
242 3658 372 3732 Hesych.
404 3651 607 3732 ἀποφράδες·
635 3651 747 3730 ἡμέραι
771 3650 853 3715 ἑπτά
879 3649 983 3716 οὕτως
1006 3646 1251 3727 ὀνομαζόμεναι,
1279 3647 1316 3710 έν

141 3739 191 3804 αἷς
218 3742 395 3818 ἐναγίζουςι
422 3747 491 3806 τοῖς
515 3744 648 3819 νεκροῖς.
686 3741 942 3819 μεταφέροντι
970 3740 1010 3802 δὲ
1038 3740 1105 3816 τὴν
1129 3738 1233 3801 λέξιν
1256 3735 1317 3800 καὶ

142 3827 203 3893 ἐπὶ
230 3832 320 3893 τούς
348 3830 550 3910 πονηρούς.
591 3834 703 3908 Phryn.
732 3833 825 3893 Beklr.
849 3836 882 3914 5,
907 3835 925 3892 8
952 3827 1123 3905 ἄνθρωπος
1151 3822 1315 3904 ἀποφράς·

142 3917 332 3996 ἀποφράδες
362 3920 488 4002 ἡμέραι,
521 3916 594 3983 καθ’
621 3918 659 3982 ἀς
687 3915 889 3997 ἀπηγόρεοτό
917 3939 946 3981 τι
974 3914 1133 3995 πράττειν.
1176 3913 1316 3993 ςημαίνει

218 4109 444 4178 148χύιιλκολλιιύ.
459 4110 562 4181 ubique
578 4111 730 4178 βυςςαύχην
743 4109 848 4164 scribit.
859 4107 962 4179 legitur
976 4109 1114 4176 βυςαύχην
1124 4123 1168 4176 ap.
1179 4105 1315 4160 Xenarch.

142 4181 218 4236 Com.
238 4183 277 4235 ΙΙΙ
296 4186 357 4238 614.
376 4213 410 4222 -—
433 4182 478 4251 ¹⁴⁴)
498 4183 613 4237 Frustra
635 4183 709 4235 hunc
728 4181 849 4248 Hesychi
868 4181 960 4235 locum
979 4178 1127 4248 usurpavit
1144 4177 1252 4244 Boysen
1270 4177 1317 4245 (de

141 4253 274 4323 Harpocr.
293 4253 377 4308 lexici
395 4253 463 4308 font.
483 4271 510 4322 p.
530 4255 575 4323 63)
598 4253 634 4307 sd
653 4253 900 4307 demonstrandum
919 4249 1125 4321 Diogenianum
1148 4264 1203 4302 non
1225 4248 1315 4322 solnm

142 4329 268 4379 auctores
286 4325 417 4380 habuisse
437 4324 546 4378 Aelium
566 4323 731 4393 Dionysium
750 4323 973 4390 Pausaniamque
991 4320 1138 4375 Atticistas
1160 4318 1211 4372 sed
1229 4319 1314 4372 ctiam

142 4411 226 4464 saepe
249 4397 350 4451 horum
372 4396 459 4452 verba
480 4395 612 4450 conflasse
636 4394 710 4450 inter
732 4411 801 4450 sese.
838 4411 911 4462 quae
935 4393 1096 4447 coniectura
1118 4391 1171 4444 hoc
1194 4388 1315 4460 Hesychi

144 4466 205 4526 loco
224 4471 358 4536 quantum
377 4485 433 4553 non
453 4467 649 4538 comprobetur
666 4469 792 4536 apparet.

1048 4551 1103 4606 23*
