3102 5158
139 251 181 307 oe
198 249 385 323 astupeant
399 247 535 322 Byzantio
551 249 580 306 su
594 246 727 305 suetonio
740 207 1046 318 nanquiironuaaues
1062 245 1230 304 auctoribus.
1254 244 1316 310 341

140 423 262 484 Polemo
278 422 422 483 vocabula
436 421 591 498 quaedam,
611 439 686 496 quae
700 423 799 482 aetate
819 439 873 480 sua
887 412 1004 482 ἄδοξον
1021 419 1221 498 significatum
1235 435 1316 477 aoce-

141 513 265 591 pissent,
287 511 475 573 crateribus
495 504 618 571 ἀδόξως
638 514 783 587 usurpata
800 529 860 569 non
879 528 944 570 esse
963 509 1191 582 demonstraret,
1213 507 1316 566 Sueto-

141 602 208 661 nius
227 602 258 661 id
278 602 349 678 egit,
369 603 403 660 ut
421 619 498 677 quae
518 618 536 658 a
555 600 707 661 veteribus
726 599 822 677 poetis
841 602 872 660 et
892 599 1087 676 scriptoribus
1106 598 1203 660 iocose
1223 599 1314 672 atque

140 693 288 751 obscoene
310 691 389 754 diota
413 692 500 750 erant
522 692 697 766 congereret
722 689 893 766 disponeret
910 688 1089 748 testimoniis
1116 688 1236 747 ornaret
1261 685 1319 743 ori·

140 781 226 856 gines
255 779 418 838 obscoenae
449 778 676 856 significationis
709 768 936 858 indagaret.¹¹4)
984 777 1063 854 quod
1095 777 1132 836 ad
1162 774 1318 836 eonsilium

143 868 330 928 efficiendum
354 868 491 944 copiosae
515 887 590 944 quae
614 870 680 927 tum
703 868 861 928 exstabant
885 863 1005 928 λέξεων
1028 866 1216 926 collectiones
1243 864 1317 924 satis

142 959 238 1017 multa
261 957 502 1033 suppeditabant.
548 951 746 1032 βλαεφημίαε
774 956 934 1015 maximam
957 957 1075 1032 partem
1098 973 1114 1013 0
1138 955 1317 1014 comicorum

143 1049 298 1123 poetarum
321 1047 433 1106 fabulis
458 1064 523 1106 esse
552 1046 696 1120 repetitas
720 1049 952 1106 consentaneum
981 1048 1035 1104 est.
1077 1044 1187 1104 comico
1214 1043 1316 1103 autem

144 1136 273 1196 sermoni
291 1139 361 1211 post
374 1135 606 1195 Eratosthenem
620 1135 707 1194 multi
722 1153 843 1210 operam
863 1134 1017 1211 dederant,
1036 1152 1163 1209 quorum
1178 1132 1315 1192 ohserva-

142 1226 239 1285 tiones
267 1224 414 1302 Didymus
443 1224 594 1300 congessit
619 1226 710 1300 atque
733 1223 876 1284 iudicavit
899 1242 967 1282 cum
990 1212 1027 1281 ’11
1053 1221 1256 1298 peculiaribus
1284 1221 1316 1278 in

143 1314 280 1390 singulos
298 1317 402 1389 poetas
418 1313 638 1373 commentariis
653 1317 718 1372 tum
733 1313 861 1372 maxime
875 1313 907 1371 in
922 1311 1115 1372 celeberrimo
1129 1329 1218 1387 opere
1233 1306 1315 1370 λέξις

143 1400 261 1477 κωμική
285 1402 437 1478 inscripto.
470 1420 524 1462 100
539 1401 637 1461 minus
656 1401 845 1478 grammatici
858 1399 1053 1461 Alexandrini
1073 1403 1104 1460 et
1118 1401 1265 1476 Didymus
1283 1399 1315 1457 in

143 1491 305 1568 lyricorum
329 1491 509 1551 carminibus
535 1493 566 1550 et
588 1490 771 1568 tragicorum
793 1490 906 1554 fabulis
931 1489 1064 1549 studium
1088 1490 1316 1550 collocaverant.

143 1585 276 1640 oratores
296 1599 414 1656 qnoque
433 1580 550 1640 Atticos
564 1580 711 1656 Didymus
731 1580 842 1656 aliique
861 1579 1014 1655 perpetuis
1034 1578 1254 1638 commentariis
1273 1578 1316 1635 in-

144 1673 324 1744 struxerant,
343 1669 452 1745 quibus
471 1669 663 1746 perlustratis
683 1669 736 1728 alii
753 1669 848 1729 lexico
866 1668 1016 1728 rhetorica
1034 1669 1083 1728 vel
1100 1667 1196 1727 lexico
1214 1667 1316 1727 decem

147 1761 301 1820 oratorum
320 1762 555 1834 composuerant.
1396 1813 1398 1820 .

233 1847 290 1908 Sed
308 1849 450 1907 -omnium
478 1847 625 1924 optimum
660 1847 825 1908 subsidium
853 1847 993 1923 praebuit
1021 1846 1169 1921 Pamphili
1202 1845 1318 1905 lexicon
1375 1861 1387 1875 ·

144 1937 424 2014 praeclarissimum,
439 1937 490 1996 ubi
500 1937 632 1996 omnium
641 1955 786 2013 generum
794 1939 951 2013 poetarum
961 1938 993 1996 et
1007 1935 1185 2012 scriptorum
1195 1934 1316 2010 glossae

143 2027 352 2086 memorabiles
380 2021 460 2085 κατὰ
484 2025 642 2100 (101χεῖον
665 2025 828 2102 dispositae
857 2026 997 2086 uidentur
1020 2025 1190 2084 illustratae
1216 2023 1318 2086 tuisse.

144 2116 240 2175 altera
260 2120 346 2191 parte
359 2115 445 2174 lexioi
465 2109 551 2195 (περὶ
566 2107 752 2194 ὀνομάτων)
769 2133 817 2174 101
836 2114 1016 2174 notabilese
1035 2112 1129 2174 uariis
1150 2113 1318 2172 studiorum
1360 2181 1364 2187 Ι

143 2205 318 2282 generibus,
337 2207 372 2264 ut
389 2205 433 2264 ita
452 2205 557 2281 dicam,
577 2203 821 2281 encyelopaedica
838 2204 968 2280 quadam
990 2203 1106 2264 ratione
1126 2202 1268 2262 collectae
1288 2205 1318 2260 et

144 2294 307 2352 secundum
330 2296 508 2370 argumenta
526 2295 613 2352 erant
630 2295 786 2353 tractatae.
797 2284 849 2374 ¹¹⁵)
891 2292 1042 2368 Pamphili
1065 2292 1181 2351 lexicon
1205 2291 1238 2349 in
1256 2290 1317 2366 epi·

142 2386 244 2442 tomen
257 2382 375 2459 redegit
388 2382 484 2442 lulius
499 2382 643 2442 Vestinus
658 2381 783 2442 Suetoni
796 2382 859 2442 fere
874 2382 1015 2457 aequalis,
1033 2380 1151 2441 Vestini
1166 2380 1317 2456 epitomen

145 2471 347 2549 Diogenianus
365 2472 446 2530 haud
464 2473 509 2530 ita
526 2472 621 2531 multo
640 2475 710 2548 post
728 2463 812 2552 (nam
831 2474 862 2532 et
874 2471 900 2530 is
915 2469 1060 2529 Hadriani
1079 2470 1181 2528 floruit
1201 2460 1315 2548 aetate)

143 2561 175 2620 11
193 2561 321 2620 formam
336 2561 426 2620 etiam
439 2560 608 2622 breviorem
623 2552 807 2640 redegit.¹¹⁶)
836 2578 896 2636 qua
913 2579 946 2618 re
961 2559 1048 2619 facile
1062 2561 1189 2635 apparet
1203 2560 1316 2634 quanta

145 2649 224 2725 apud
244 2668 346 2710 omnes
369 2649 542 2710 celebritate
567 2652 597 2708 et
619 2649 798 2710 auctoritate
817 2648 967 2724 Pamphili
989 2648 1106 2707 lexicon
1128 2650 1194 2706 tum
1217 2646 1317 2705 fuerit.

145 2739 247 2814 itaque
265 2758 303 2798 ne
322 2738 498 2798 Suetonium
516 2737 635 2815 quidem
654 2739 684 2797 in
703 2739 789 2798 libris
808 2738 870 2798 suis
886 2756 960 2814 quos
978 2756 1084 2815 graece
1105 2735 1224 2812 scripsit
1242 2735 1318 2794 illud

145 2827 313 2903 neglexisse
333 2847 400 2887 cum
419 2831 588 2905 temporum
602 2827 718 2887 ratione
737 2826 892 2904 probabile
911 2828 959 2886 est
975 2830 1040 2886 tum
1060 2845 1095 2886 eo
1113 2825 1316 2897 confirmatur,

146 2917 225 2992 quod
250 2916 410 2977 Suetonius
436 2918 546 2979 librum
570 2917 737 2994 composuit
756 2909 912 2976 ‘Pratum’
940 2915 1116 2991 inscriptum
1141 2915 1205 2975 sine
1228 2913 1315 2974 dubis

146 3007 314 3082 exemplum
333 3008 453 3066 secutus
473 3006 628 3083 Pamphili,
648 3007 710 3066 siue
730 3007 793 3066 eius
808 2999 932 3079 Λειμών
951 3023 970 3062 a
988 3004 1082 3064 lexico
1101 3002 1160 3062 fuit
1178 3003 1318 3063 diversuo

148 3095 210 3155 sive
229 3095 310 3156 illius
331 3095 420 3156 lexici
438 3096 535 3157 altera
557 3114 627 3171 pars
651 3089 737 3174 (περὶ
756 3085 1009 3176 ὀνομάτων).“Ὶ)
1048 3110 1082 3152 ac
1104 3091 1318 3152 Reifferscheid

147 3203 215 3244 eum
243 3202 333 3244 unam
360 3188 473 3245 certam
499 3185 570 3245 libri
597 3179 670 3259 περὶ
705 3182 912 3259 sucepturos
939 3183 1071 3260 glossam
1099 3175 1319 3256 ἀρχολίπαροε

147 3273 285 3350 haberet,
314 3293 349 3332 ea
376 3293 444 3334 cum
471 3273 605 3350 Hesychi
632 3275 674 3350 gl.
702 3267 920 3348 ἀρχολίπαροε
947 3274 1120 3348 comparata
1143 3269 1320 3330 Suetonium

148 3361 305 3437 Pamphilo
332 3381 421 3422 usum
449 3381 514 3423 esse
537 3365 660 3422 auctore
687 3363 834 3438 probavit.
876 3361 932 3421 hac
958 3360 1008 3420 via
1036 3377 1054 3419 a
1077 3358 1319 3418 Reifferscheidio

148 3451 364 3525 munitanunc,
382 3451 521 3527 quoniam
541 3455 623 3512 certa
637 3453 777 3527 excerpta
794 3450 864 3510 libri
879 3449 1054 3510 Suetoniani
1071 3448 1166 3508 multo
1181 3447 1320 3508 uberiora

149 3542 280 3617 exstant,
303 3541 423 3617 longius
445 3540 588 3618 progredi
611 3544 642 3601 et
660 3541 739 3618 quod
761 3540 813 3599 1110
832 3539 1049 3601 demonstrauit
1070 3538 1130 3598 iam
1154 3537 1321 3597 accuratius

223 3729 269 3798 ¹¹⁴)
293 3729 407 3786 Praeter
430 3728 545 3784 Suetoni
570 3728 674 3784 librum
697 3746 760 3785 eum
783 3729 943 3784 Polemonis
971 3728 1092 3799 epistola
1114 3727 1220 3782 Preller
1248 3725 1322 3782 'com-

149 3800 260 3870 parauit
278 3800 413 3856 Dorothei
430 3803 493 3870 περὶ
510 3807 569 3856 των
588 3802 673 3856 ξένω(
686 3801 840 3869 εἰρημένων
859 3802 960 3856 λέξεων
978 3799 1156 3869 (Ρ1101.Β11)1.
1173 3799 1320 3865 0111156),

150 3886 205 3940 quo
224 3871 259 3924 de
277 3870 423 3928 1111111010
442 3872 609 3944 accepimus.
641 3872 697 3928 huc
715 3890 771 3927 non
789 3871 940 3943 pertinent,
959 3887 1028 3940 quos
1046 3871 1146 3926 Nauck
1160 3873 1197 3940 (p.
1220 3871 1322 3937 1141.)

149 3941 286 4010 laudavit,
304 3943 390 3998 lubae
409 3946 438 3998 et
455 3944 568 4014 Didymi
585 3943 651 3999 libri
668 3947 731 4012 περὶ
750 3943 929 4012 διεφθορυία(
946 3943 1053 3998 λέξεως.
1078 3941 1112 3998 01.
1131 3939 1167 3994 Μ.
1184 3941 1321 4008 Schmidt,

150 4012 261 4082 Didym.
281 4031 307 4083 p.
329 4019 370 4068 15.
387 4046 418 4056 —
442 4015 487 4084 ¹¹⁵)
506 4015 548 4070 De
566 4014 650 4070 lexiei
661 4014 821 4085 Pamphilei
839 4014 957 4070 consilio
977 4031 1010 4068 ac
1029 4011 1214 4083 dispositione
1233 4012 1267 4068 cf.
1284 4012 1320 4064 M.

152 4083 288 4154 Schmidt,
308 4083 420 4150 Quaeri.
439 4087 557 4156 Hesych.
583 4105 610 4157 p.
631 4085 729 4141 CLXX
739 4104 813 4156 sqq.,
832 4086 914 4156 Hugo
934 4085 1037 4141 Weber
1058 4084 1089 4138 in
1107 4083 1207 4138 Philol.
1228 4101 1262 4137 su
1282 4082 1321 4151 pl.

150 4159 218 4214 tom.
238 4155 500 4227 1111147011.-
527 4157 571 4226 ¹¹⁶)
595 4157 635 4213 Gi.
659 4157 765 4226 Nabar,
788 4158 871 4214 Phot.
894 4156 1003 4226 Proleg.
1028 4161 1117 4226 p.19.
1140 4154 1245 4208 Weber
1262 4100 1282 4206 i.
1302 4153 1322 4208 1.

151 4247 178 4298 p.
198 4234 258 4284 468.
277 4233 339 4283 470.
359 4260 391 4267 -
419 4228 465 4300 ¹¹²)
484 4229 626 4298 Pamphili
649 4231 757 4296 Λειμών
779 4229 921 4300 peculiare
944 4245 1013 4298 opus
1037 4243 1072 4280 an
1096 4225 1215 4280 alterum
1239 4222 1323 4278 lexici

152 4316 254 4356 nomen
267 4299 360 4370 fuerit,
374 4300 466 4355 adbuc
480 4301 554 4355 inter
566 4301 641 4356 viros
656 4302 752 4356 doctos
766 4318 823 4356 non
837 4301 959 4355 00111111
974 4299 1008 4353 cf.
1024 4297 1112 4352 110101
1126 4296 1225 4367 Opuse.
1240 4294 1322 4350 1144.
1418 4332 1420 4335 .

153 4370 280 4428 Schmidt
297 4371 315 4427 l.
335 4372 353 4428 l.
376 4390 402 4442 p.
424 4369 592 4427 CLXXXVI.
624 4373 730 4428 Weber
748 4373 766 4429 l.
786 4372 804 4427 1.
823 4389 850 4441 p.
870 4374 1026 4426 411141.
1055 4367 1184 4438 equidem
1209 4367 1320 4422 credere

153 4444 249 4498 malim
270 4444 409 4500 ‘Pratum'
430 4443 549 4500 alteram
568 4442 651 4498 lexici
669 4446 779 4514 partem
798 4441 883 4498 brisse
902 4441 1082 4512 appellatam.
