3102 5158
216 255 282 320 304
685 235 811 323 uuas
830 252 920 307 corn:
1009 272 1032 306 .-

215 425 380 485 illustravit
403 424 488 484 Eust.
507 443 535 499 p.
558 424 657 496 1404,
678 422 719 482 59
741 414 860 500 (Nauck
879 420 936 497 frg.
957 413 1004 502 2):
1034 416 1093 496 [ἔτι
1116 417 1152 481 έκ
1174 421 1232 482 τοῦ
1258 416 1387 496 βάλλειν

216 513 235 589 ἢ
256 514 312 589 τῆς
332 512 429 590 βολῆς
448 509 499 572 καὶ
517 507 536 570 ὁ
552 504 759 586 πρωτοβόλος
777 505 885 586 ἵππος,
904 505 944 570 οὐ
959 511 1065 585 χρῆςις
1084 507 1120 592 ἐν
1134 505 1208 589 τῶ]
1227 505 1267 570 τὰ
1280 507 1387 571 τέλεια

218 599 271 665 ἐπὶ
289 597 447 662 πλείςτοιν
465 599 571 674 γενῶν
590 596 641 660 καὶ
656 593 872 674 κατηρτυκότα
891 594 1138 674 λειπογνῶμονα
1156 599 1310 673 καλεῖται,
1334 595 1387 659 διὰ

216 689 254 752 τὸ
274 689 380 766 μηκέτι
399 685 486 765 ἔχειν
500 685 637 750 ὀδόντας
655 685 730 749 τοὺς
744 683 916 762 γνώμονας
929 685 1155 764 καλουμένους,
1175 683 1223 748 οἷς
1237 683 1385 761 ἐπιγινώ-

217 796 341 841 ςκοιιςιν
363 774 394 840 οἵ
418 773 564 854 ἔμπειροι
585 775 661 838 τοὺς
689 771 926 853 πρωτοβόλους.
973 771 1061 837 boe
1089 777 1205 837 τοῦτο
1233 772 1387 850 γράψας

216 863 491 944 Ἀριςτοφόινης
515 865 601 940 λέγει
629 863 680 927 καὶ
698 860 840 941 Ἀττικήν
863 882 935 925 τινα
958 866 1124 946 δωδεκῇδα
1147 863 1275 927 θύεςθαι
1294 865 1386 939 λεγο-

218 956 317 1034 μένην
346 953 606 1032 λειπογνῶμονα,
632 951 704 1016 οἷον
732 950 867 1015 τελείαν.
909 951 960 1014 καὶ
988 949 1037 1015 ότι
1065 950 1144 1016 ἔνιοι
1167 951 1226 1017 τὸν
1251 951 1388 1030 ῥηθέντα

218 1043 339 1108 ὀδόντα
366 1042 406 1107 οὐ
433 1042 586 1120 γνώμονα
614 1043 775 1117 καλοῦςιν,
808 1037 891 1103 ἀλλὰ
918 1043 1042 1119 γνῶμα,
1075 1038 1147 1106 οἷον
1175 1039 1251 1106 ’νέα
1279 1038 1312 1104 δ’
1339 1039 1389 1104 ἔτ’

112 1213 116 1222 Ι
218 1131 314 1198 ἐςτίν·
343 1131 404 1210 οὐχ
428 1131 518 1213 ὁρᾷς;
546 1130 598 1194 καὶ
625 1127 730 1207 γνῶμ’
752 1127 838 1208 ἔχει’.
883 1129 934 1192 καὶ
962 1127 1059 1195 πάλιν
1082 1127 1210 1208 ’γνῶμα
1232 1133 1313 1206 γοῦν
1338 1131 1388 1209 βέε

222 1225 336 1302 βληκεν
351 1220 395 1284 ῶς
410 1217 480 1284 οὖς’
495 1217 631 1284 ἑπτέτις’
648 1216 749 1302 (Mein.
765 1221 846 1281 Com.
861 1213 1049 1302 IV627).‘¹²)
1076 1223 1197 1299 proprie
1211 1219 1388 1295 λειπογνῶ-

219 1329 288 1390 μων
307 1315 343 1373 de
363 1313 447 1389 equis
462 1313 617 1372 dicebatur
635 1304 686 1392 (ot.
701 1312 787 1371 Eust.
800 1331 829 1387 p.
846 1313 939 1384 1627,
958 1307 1023 1392 14),
1042 1315 1109 1371 tum
1126 1331 1197 1372 vero
1216 1312 1254 1371 ad
1274 1313 1397 1380 ceteros,

219 1402 426 1480 quadrupedes
440 1403 621 1463 translatum
636 1408 690 1460 est.
722 1401 849 1460 maxime
863 1399 993 1460 Pollucis
1008 1419 1155 1460 consensu
1170 1393 1200 1482 (Ι
1216 1393 1294 1481 182)
1312 1420 1389 1461 eom-

218 1511 340 1554 moveor
359 1494 394 1550 ut
412 1491 448 1550 de
467 1485 701 1563 λειπογνώμων
718 1489 862 1550 vocabulo
882 1489 981 1565 egisse
996 1488 1227 1565 Aristophanem
1247 1490 1390 1566 suspicer,

218 1582 270 1641 ubi
289 1600 434 1657 equorum
452 1580 573 1656 nomina
591 1569 810 1659 illustravit.¹²³)
848 1597 915 1636 cum
933 1573 1167 1652 λειπογνώμοιν
1193 1597 1264 1639 vero
1285 1579 1391 1655 glossa

220 1669 455 1746 coniungendam
475 1687 540 1728 esse
558 1669 689 1728 arbitror
707 1660 826 1742 ἄβολος
843 1662 941 1727 ἵππος
965 1668 1066 1742 paullo
1085 1672 1154 1742 post
1172 1668 1210 1726 ab
1230 1668 1390 1728 Euststhio

220 1781 247 1835 p.
264 1760 358 1831 1405,
376 1761 415 1818 19
431 1758 477 1816 his
491 1758 591 1817 verbis
607 1757 784 1832 explicatam
802 1801 847 1816 ...
867 1751 918 1814 καὶ
938 1749 1089 1831 ὁᾶβολος
1103 1751 1202 1816 ἵππος
1216 1751 1234 1816 ὁ
1250 1753 1390 1832 μηδέπω,

219 1842 325 1924 φαςῖν,
344 1843 542 1922 ἐκβεβληκὼς
560 1843 671 1905 πῶλος
689 1841 747 1904 τόν
766 1839 934 1919 εἰρημένον
953 1840 1105 1918 γνώμονα
1125 1840 1252 1906 ὀδόντα.
1290 1846 1389 1906 verbis

219 1933 278 1998 τὸν
298 1931 465 2010 εἰρημένον
484 1935 613 1994 remittit
631 1935 669 1994 ad
693 1937 865 2009 excerptum
883 1933 1139 2010 Aristophaneum
1163 1935 1265 2010 paullo
1284 1938 1354 1995 aute
1372 1955 1391 1994 a

220 2045 252 2086 se
270 2025 435 2086 laudatum.

312 2115 348 2172 In
363 2115 405 2173 eis
421 2132 496 2189 quae
511 2115 677 2189 sequuntur
691 2111 728 2172 de
742 2112 832 2171 mulis
847 2110 938 2171 asinis
953 2112 1051 2172 bubus
1063 2113 1189 2173 invicem
1204 2132 1236 2173 se
1250 2114 1391 2190 supplent

220 2205 306 2264 iiust.
321 2205 353 2262 et
366 2203 406 2262 M.
421 2203 522 2261 omisit
536 2202 619 2261 Eust.
635 2203 752 2278 glossas
766 2195 952 2275 όρεωκόμοι,
967 2195 1062 2276 ὀρεῖς,
1075 2196 1263 2278 ὀνοφορβοῖ,
1279 2201 1391 2278 πῶλοι,

220 2294 251 2351 Μ
270 2287 444 2365 ὑποζύγιοι,
464 2285 600 2367 πόρτιες,
620 2281 797 2371 reposces)
816 2292 847 2349 et
864 2291 983 2367 glossae
999 2286 1148 2366 βούβαλις
1166 2292 1338 2352 testimonia
1356 2311 1392 2352 ex

220 2381 372 2458 Aeschylo
392 2383 423 2440 et
442 2379 587 2456 Sophocle
605 2379 737 2439 laudata.
770 2379 806 2438 de
824 2379 989 2439 vitulorum
1007 2379 1176 2439 nominibus
1195 2381 1346 2456 discrepat
1360 2383 1391 2440 M

221 2471 260 2530 ab
278 2469 452 2544 Euststhio-;
477 2488 544 2529 cum
562 2469 610 2529 bie
627 2468 659 2527 in
677 2468 737 2527 illis
756 2468 945 2528 recensendis
963 2487 1068 2528 sexum
1086 2488 1145 2528 non
1164 2470 1325 2530 discernat:
1353 2467 1392 2530 τὰ

71 2591 72 2599 ι
163 2563 166 2568 ’
222 2557 258 2619 δὲ
279 2555 338 2620 νέα
362 2552 500 2632 δαμάλαι
523 2554 574 2618 καὶ
596 2551 747 2637 δαμόλιες
770 2553 821 2616 καὶ
845 2551 956 2633 μόςχοι
981 2553 1032 2617 καὶ
1056 2552 1240 2632 πόριες-καὶ
1263 2554 1392 2634 πόρτιες
1463 2551 1471 2566 “

222 2644 273 2708 καὶ
287 2642 454 2722 πόρτακες,
473 2647 505 2706 Μ
519 2647 690 2724 distinguit:
707 2642 747 2705 τὰ
762 2644 797 2706 δέ
812 2644 871 2707 νέα
885 2640 1005 2721 ἄρρενα
1018 2644 1076 2721 μέν
1091 2642 1201 2721 μόςχοι
1216 2644 1267 2707 καὶ
1281 2642 1391 2723 πόριες

219 2734 273 2796 καὶ
293 2731 462 2811 πόρτακες,
488 2733 588 2811 θήλεα
611 2732 646 2795 δέ
665 2731 803 2810 δαμάλαι
827 2732 878 2796 καὶ
897 2731 1047 2810 οαμάλιες
1071 2733 1135 2813 [καὶ
1157 2730 1392 2817 βοοβάλιες].45’)

220 2845 298 2902 quae
319 2825 469 2885 distinctio
488 2845 560 2884 num
576 2824 786 2900 Aristophanis
806 2825 846 2884 sit
864 2825 951 2885 valde
966 2825 1070 2884 dubito
1085 2818 1135 2906 (cf.
1150 2826 1268 2887 Fresen.
1284 2847 1313 2902 p.
1328 2830 1391 2886 119

221 2935 256 2980 n.
269 2908 313 2995 5).
348 2934 419 2974 narn
442 2914 520 2990 quod
538 2915 575 2974 de
594 2909 710 2988 μόςχος
730 2917 761 2974 et
779 2908 871 2988 πόρις
889 2913 1058 2973 nominibus
1076 2915 1258 2990 praecipitur
1282 2916 1392 2974 falsum

221 3007 276 3064 est.
309 2999 426 3079 μόςχος
444 3003 612 3080 promiscue
631 3003 831 3078 usurpabant:
851 3003 887 3062 de
907 3003 1001 3063 vitulo
1015 3002 1092 3063 Plat.
1106 3004 1193 3079 Apol.
1209 3007 1285 3064 20a.
1313 3003 1393 3064 Orat.

223 3096 317 3165 3930,
331 3093 368 3152 de
382 3091 442 3166 Api
456 3092 677 3169 Aegyptiorum
691 3092 802 3154 Herod.
813 3091 861 3149 III
875 3094 926 3165 28,
940 3091 977 3151 de
990 3093 1076 3152 leone
1090 3092 1161 3152 Eur.
1175 3092 1393 3169 Baccb.1184;

223 3182 260 3241 de
274 3182 370 3241 vitula
384 3181 455 3240 Elur.
470 3180 536 3257 Iph.
545 3181 615 3241 Aul.
627 3183 722 3242 1113.
741 3180 848 3240 Bacch.
865 3183 936 3241 736.
956 3179 1037 3257 Cycl.
1048 3183 1121 3242 389.
1144 3180 1221 3240 idem
1238 3201 1257 3242 s
1270 3182 1393 3260 tragicis

222 3271 319 3347 poetis
338 3271 375 3329 de
398 3270 568 3330 bominibus
591 3270 759 3346 promiscue
778 3261 955 3345 usurpatum
975 3272 1033 3330 est:
1058 3271 1095 3330 de
1112 3290 1205 3348 puero
1230 3290 1256 3334 e.
1274 3291 1303 3350 g.
1322 3273 1393 3333 Eur.

295 3512 330 3578 ⁴2)
353 3513 398 3566 Ab
420 3511 627 3582 Aristophaneo
649 3513 712 3568 loeo
736 3529 820 3581 supra
847 3511 986 3582 descripto
1009 3529 1122 3581 prorsus
1146 3514 1328 3568 secernendus
1352 3517 1395 3568 est

223 3585 296 3638 alter
314 3583 447 3637 Eustathi
465 3582 543 3637 locus
562 3600 589 3651 p.
611 3588 688 3651 1627,
709 3587 756 3650 14,
775 3583 852 3637 cuius
870 3583 986 3652 gemelli
1004 3586 1116 3639 exstant
1133 3582 1208 3653 apud
1226 3584 1316 3652 Etym.
1337 3585 1393 3656 Mg.

223 3662 249 3724 3,
264 3661 306 3710 54.
330 3655 427 3708 Zonar.
446 3671 473 3722 p.
489 3659 505 3706 3
525 3655 565 3721 (et
582 3653 738 3707 Eudemum
757 3656 829 3708 teste
843 3653 996 3721 Bekkero):
1016 3670 1072 3723 quo
1092 3670 1257 3708 eoonsensu
1276 3655 1396 3711 efficitur

222 3725 403 3780 Eustathium
420 3742 447 3793 p.
469 3730 552 3791 1627,
572 3730 605 3779 14
628 3723 754 3780 hausisse
773 3742 788 3780 e
807 3724 895 3779 lexico
914 3724 1062 3780 rhetorico.
1098 3724 1170 3780 fslso
1189 3724 1276 3794 igitur
1294 3727 1394 3782 Nauck

223 3815 251 3866 p.
272 3800 324 3849 100
342 3795 377 3850 de
396 3795 530 3850 hocloco
549 3794 697 3851 iudicavit:
720 3796 838 3864 ‘inquo
857 3795 1052 3864 Aristophanis
1070 3795 1248 3864 grammatici
1267 3799 1394 3867 agnosci·
1416 3843 1419 3852 .

223 3885 284 3922 mus
305 3866 443 3937 vestigia'.
464 3897 497 3906 -
518 3866 553 3934 ⁴³)
571 3866 718 3921 Fresenius
737 3869 776 3936 (p.
791 3873 825 3922 69
844 3885 870 3920 n.
887 3868 913 3936 1)
932 3868 1132 3932 λειπογνῶμων
1151 3867 1244 3936 glossa
1264 3870 1394 3940 supplen-

223 3939 288 3992 dam
307 3953 368 3992 esse
387 3939 470 4005 putat
490 3936 621 3991 lacunam
639 3939 675 3993 ab
694 3935 771 3993 Eust.
797 3956 824 4007 p.
846 3943 923 4004 1626,
943 3943 976 3992 46
1000 3937 1092 3991 verbis
1112 3940 1159 3993 ςὺν
1179 3941 1209 3994 δέ
1229 3943 1320 3996 ἄλλοις
1338 3945 1397 3995 δια-

223 4011 322 4077 φόροις
335 4007 505 4076 παραόῖδωςι
519 4010 563 4061 καὶ
578 4010 621 4062 ότι
639 4008 800 4064 indicatam.
830 4012 860 4064 at
878 4025 940 4063 eam
954 4010 1014 4078 ipse
1028 4007 1106 4062 Eust.
1122 4009 1264 4080 supplevit
1277 4031 1304 4081 p.
1317 4017 1394 4077 1762,

225 4087 256 4134 11
276 4083 362 4148 (ταῶν
385 4078 506 4147 ἡλικίαι).
526 4109 559 4117 -
585 4081 708 4134 ceterum
731 4079 806 4135 idem
828 4077 897 4134 fecit
919 4081 965 4136 Ar.
984 4080 1047 4148 Byz.
1072 4096 1136 4135 cum
1158 4083 1270 4137 nomine
1292 4085 1393 4147 πῶλος,

223 4151 299 4221 quod
319 4151 349 4204 in
368 4149 441 4205 asini
458 4150 574 4218 ἡλικίαις
591 4150 710 4220 profert,
735 4167 798 4205 cum
815 4151 850 4206 de
869 4149 932 4204 aliis
951 4167 1062 4220 quoque
1086 4151 1208 4220 dicatum
1233 4153 1267 4208 ci.
1287 4168 1344 4206 exo.
1364 4151 1393 4204 M

223 4225 334 4277 τούτων
354 4224 384 4276 δέ
402 4222 517 4276 πάντων
536 4222 572 4276 τὰ
586 4223 713 4276 νεῶτατα
731 4226 827 4291 πῶλοι,
846 4223 916 4289 πρός
935 4225 966 4277 δέ
984 4225 1106 4278 καὶτῶν
1126 4225 1256 4292 καμήλων
1276 4224 1320 4275 καὶ
1338 4223 1393 4290 ἑλε-

224 4296 404 4363 φάντων.’-
424 4292 458 4362 ⁴⁴)
478 4293 607 4348 Glossam
626 4293 738 4362 κεράδες
756 4296 822 4362 apte
842 4293 969 4359 βούβαλις
993 4295 1103 4366 glossae
1121 4295 1281 4350 adiunctum
1299 4292 1394 4348 Frese·

221 4365 286 4419 nius
306 4382 354 4419 cur
372 4369 445 4419 ςυῶν
464 4364 579 4432 ἡλικίαις
596 4362 799 4434 postposuerit,
820 4364 1036 4436 non‘intellego.
1057 4397 1090 4406 -
1116 4366 1149 4432 ⁴⁵)
1170 4364 1250 4429 Quod
1269 4367 1396 4432 βοόβαλις

222 4446 325 4494 nomen
340 4453 403 4492 cunr
417 4435 513 4495 vitulis
528 4435 706 4493 coniunctum
719 4437 770 4506 est,
791 4435 983 4508 epitomatoris
997 4435 1193 4508 neglegentiae
1206 4434 1394 4494 tribuendum.
