3102 5158
140 295 181 351 De
200 295 389 365 Aristophane
403 295 538 365 Byzantio
552 293 582 348 et
595 291 728 348 Suetonio
743 293 906 362 Tranquillo
916 292 1046 348 Eustathi
1060 293 1229 352 auctoribus.
1249 295 1314 360 333

142 463 161 542 ἡ
181 461 218 526 ἐν
236 465 282 544 τῷ
297 463 474 538 κοεμεῑεθαι
498 459 577 521 ποτὲ
593 459 651 536 μὲν
665 454 767 521 ἀλλον
791 456 869 520 ποτὲ
889 458 924 520 δὲ
940 455 1042 521 ἄλλον
1058 455 1195 538 βάζουεα
1209 459 1312 538 ἤγουν

140 554 296 631 φωνοῦεα
315 550 365 613 καὶ
384 550 524 612 καλοῦεα
547 546 592 612 εἰ(
611 545 737 625 ἑαυτήν.
775 546 906 624 ἐλέγετο
930 546 983 609 διὰ
1005 548 1064 625 τὴν
1087 547 1237 625 τοιαύτην
1263 548 1314 612 καὶ

139 641 177 704 τὸ
198 642 361 717 λοιδορεῖν
379 635 595 717 καταλβάζειν.
627 635 658 699 oi
682 636 717 698 δὲ
737 634 919 714 γράφοντεε
938 633 1128 715 καλεαβάε
1147 657 1244 716 φαειν
1263 635 1312 700 ότι

137 727 213 792 irinc
232 727 297 792 ἀπὸ
316 731 373 792 τοῦ
392 729 503 790 καλεῖν
523 725 567 790 εἰ(
586 724 703 803 ἑαυτὴν
721 725 772 788 καὶ
797 727 905 804 εοβεῑν
928 725 1004 788 τοδε
1023 723 1164 803 ἐραετάε.
1201 747 1256 789 nec
1275 730 1312 790 de

139 822 238 898 priore
257 823 444 880 monstruoso
462 819 628 895 veriloquio
646 836 700 877 nec
723 818 929 892 descriptura
951 812 1109 892 καλεαβάε
1133 818 1206 878 alibi
1230 820 1310 895 quic-

139 930 228 988 quam
242 910 350 984 inveni,
370 911 441 968 sunt
455 909 633 968 documenta
651 907 764 983 ingenii
778 906 978 968 Eustathiani.
1013 907 1147 982 vulgaris
1162 908 1216 967 illa
1234 908 1310 968 deri-

139 1000 219 1060 vatio
244 993 309 1058 ἀπὸ
332 997 391 1058 τοῦ
414 996 525 1057 καλεῖν
549 993 599 1056 καὶ
623 995 729 1072 εοβεῑν
749 995 885 1072 quamvis
907 995 1033 1055 ridicula
1052 996 1103 1069 sit,
1128 999 1230 1056 tamen
1252 1017 1312 1056 non

138 1088 262 1149 offendit
286 1090 417 1161 veteres,
442 1085 617 1145 Suetonium
641 1085 860 1162 Diogeuianum
883 1085 1075 1144 scholiastam
1099 1084 1311 1162 Aristophanis

137 1196 192 1238 nec
206 1177 429 1254 Etymologum.
461 1178 494 1234 at
511 1175 623 1235 bonum
637 1174 832 1234 Eustathium
848 1173 980 1249 offendit,
999 1173 1051 1250 qui
1064 1175 1176 1249 optime
1194 1176 1226 1234 in
1244 1177 1311 1236 tali-

137 1268 193 1326 bus
214 1265 393 1330 exercitatus
412 1265 508 1342 magis
527 1265 610 1324 illam
629 1263 786 1324 convenire
801 1262 1014 1322 animadvertit
1031 1263 1176 1323 vocabulo
1196 1263 1310 1324 καλεα-

139 1351 196 1432 βάε
215 1374 305 1432 quam
324 1348 489 1430 καεαλβὰε.
527 1355 629 1430 itaque
648 1353 673 1412 si
692 1353 820 1412 formam
833 1346 992 1427 κἀλεαβάε
1010 1355 1164 1428 tamquam
1184 1355 1311 1413 alteram

136 1445 296 1505 lectionem
314 1446 522 1520 memorasset,
547 1441 763 1520 etymologiam
786 1441 870 1500 illam
893 1441 1055 1502 lectoribus
1079 1441 1311 1516 probabiliorem

137 1553 169 1594 se
188 1533 377 1593 redditurum
396 1531 537 1609 speravit
573 1531 625 1590 sed
644 1524 802 1607 καεαλβάε
820 1536 858 1590 ne
871 1531 1037 1607 veriloquio
1056 1533 1180 1605 careret,
1201 1550 1312 1593 novum
1336 1561 1339 1570 ·

137 1623 253 1682 effinxit
277 1623 371 1697 ipsius
390 1622 511 1699 ingenio
529 1621 654 1698 dignum
680 1615 767 1694 παρὰ
790 1615 828 1679 τὸ
846 1613 936 1678 adcor
955 1615 1006 1678 καὶ
1023 1615 1061 1678 τὸ
1081 1613 1180 1679 ἀλλοε
1203 1617 1254 1682 καὶ
1272 1619 1311 1683 τὸ

139 1707 253 1788 βάζειν.
263 1701 314 1790 ¹⁰³)
346 1713 436 1787 atque
455 1710 593 1770 hocloco
612 1709 807 1768 Eustathium
825 1708 981 1767 falsarium
999 1708 1209 1784 deprendimus
1228 1712 1312 1771 testi-

137 1801 236 1861 monio
255 1800 362 1859 codicis
381 1800 412 1857 M
437 1799 532 1874 ducti,
550 1797 630 1858 idem
649 1799 722 1857 aliis
740 1797 813 1858 locis
832 1796 896 1856 fieri
914 1799 1023 1873 potest.
1066 1797 1158 1856 etiam
1182 1800 1234 1859 ubi
1253 1800 1310 1859 ML

137 1907 190 1949 nos
206 1889 356 1966 deficiunt,
374 1889 478 1948 multis
498 1889 570 1947 locis
585 1886 727 1947 Eustathi
742 1886 928 1963 aliorumque
946 1890 1114 1946 commenta
1133 1907 1149 1946 e
1168 1887 1310 1949 Suetonio

136 1997 290 2038 removere
308 1977 380 2037 licet
397 1981 533 2037 veterum
552 1977 714 2036 lexicorum
732 1976 914 2035 testimoniis
934 1976 1122 2051 comparatis

227 2069 255 2126 3.
274 2060 351 2126 Ἐπὶ
369 2062 702 2145 ἐκδεδιῃτημένιυν
721 2061 782 2124 καὶ
801 2061 1110 2139 ἐξηταιρημὲνων
1129 2059 1310 2140 ἀρρένων.

136 2156 291 2216 Ττοάεοὶιιι
314 2156 431 2232 glossas
455 2156 575 2215 exhibet
598 2155 641 2228 M,
667 2173 793 2230 quarum
822 2155 965 2230 quattuor
992 2152 1171 2214 Eustathius
1197 2156 1311 2217 omitt‘t

137 2237 297 2325 (βάκηλοε,
317 2240 503 2319 εχινοτρώξ,
523 2237 674 2318 δειτεάηε,
695 2236 907 2324 gahaitam),
932 2243 1006 2302 duas
1024 2261 1095 2302 vero
1114 2244 1199 2304 addit
1217 2238 1308 2304 ἀετυ-

136 2350 191 2394 τοτ
207 2327 252 2414 (et
266 2327 435 2396 Ἀετυάνυξ
451 2335 561 2410 ρ.862,
573 2335 624 2392 41.
645 2334 719 2411 656,
730 2334 781 2392 63.
801 2334 875 2408 849,
887 2334 937 2393 53.
959 2333 1053 2407 1283,
1063 2323 1131 2414 24),
1149 2333 1309 2395 κολλοπο-

138 2422 266 2482 tranen
285 2417 327 2502 (p.
350 2425 448 2497 1915,
470 2415 533 2504 14).
887 2409 894 2421 '

230 2505 438 2585 Ἀρρενώπαν
456 2513 540 2572 Eust.
560 2532 587 2587 p.
608 2511 682 2586 827,
701 2513 750 2571 29.
772 2512 866 2587 1412,
882 2513 922 2569 31
942 2510 1159 2586 interpretatur
1177 2507 1236 2571 τὸν
1254 2506 1309 2572 ἀν-

137 2595 306 2674 δρόγυνον.
335 2601 424 2676 paulo
443 2601 532 2660 aliter
550 2621 578 2676 p.
599 2602 694 2677 1571,
713 2601 754 2659 43
776 2593 877 2672 οὗπερ
897 2592 973 2678 (scil.
994 2593 1211 2678 εἰδομαλίδου)
1232 2594 1308 2660 ἀνά-

136 2688 233 2749 παλιν
252 2683 321 2764 ἔχοι
337 2683 376 2748 ἂν
394 2683 413 2748 δ
430 2685 517 2764 παρὰ
536 2690 582 2767 τῷ
602 2683 744 2767 Κρατίνῳ
764 2681 962 2763 ἀρρενώπαε,
980 2684 1020 2747 τά
1039 2685 1096 2761 μὲν
1116 2681 1198 2748 ἀλλα
1220 2686 1310 2761 γάνιε

135 2774 195 2852 ὢν,
224 2773 310 2852 ἔχων
340 2775 375 2838 δέ
403 2794 432 2838 τι
458 2772 696 2853 ἀνδρόμορφον.
743 2771 774 2837 οἱ
802 2775 838 2836 δὲ
866 2777 1006 2838 τοιοῦτοι
1035 2773 1086 2836 καὶ
1113 2772 1308 2852 ἀνδρόγυνοι

136 2864 296 2939 λέγονται.
330 2867 404 2926 haec
422 2887 538 2944 quoque
557 2867 629 2944 quin
647 2886 666 2926 a
684 2865 825 2926 Suetonio
844 2867 955 2926 habeat
972 2867 1165 2942 Eustathius,
1185 2871 1309 2944 propter

136 2952 337 3031 sinodaliter
360 2958 493 3033 glossam
518 2961 548 3016 et
572 2956 784 3015 Suetoniauam
808 2956 936 3016 formam
962 2949 1153 3030 ἀρρενώπαε
1177 2957 1309 3016 dubitari

134 3046 246 3120 nequit.
289 3044 391 3120 itaque
416 3045 575 3106 Suetonius
600 3044 709 3104 Suidae
732 3063 849 3121 quoque
872 3047 976 3104 auctor
993 3044 1145 3120 putandus
1171 3048 1229 3119 est,
1256 3047 1307 3122 qui

135 3134 239 3194 eadem
264 3134 367 3194 scribit
390 3154 412 3194 s.
432 3155 460 3195 ιι.
484 3128 594 3209 ἄρρεν·
613 3181 620 3194 .
636 3179 663 3194 ..
682 3129 734 3193 καὶ
757 3127 945 3208 ἀρρενωπόε
964 3128 983 3191 ὁ
1002 3127 1210 3207 ἀνδρόγυνοε.
1244 3129 1308 3213 [καὶ

135 3218 154 3282 δ
179 3217 328 3297 ἀνδρεῐοε
352 3217 372 3282 ὁ
399 3218 552 3301 ττερρόε].
594 3220 720 3296 λέγουει
747 3220 782 3282 δὲ
806 3218 892 3308 cero
915 3219 955 3282 τά
978 3219 1036 3297 μὲν
1060 3216 1143 3282 ἄλλα
1168 3219 1308 3300 γύνιδαε,

135 3307 272 3385 ἔχοντα(
297 3308 332 3371 δέ
356 3328 384 3370 τι
409 3306 647 3388 ἀνδρόμορφον.
680 3313 716 3371 cf.
739 3311 845 3371 Nauck
867 3331 895 3387 p.
917 3314 989 3371 167.
1026 3311 1105 3370 idem
1128 3313 1308 3372 vocabulum

135 3402 243 3477 quarto
268 3401 332 3460 loco
356 3405 567 3461 commemorat
585 3421 613 3477 p.
635 3403 734 3478 1490,
755 3403 796 3460 23
902 3396 1008 3461 καὶτὸ
1028 3394 1251 3477 ἀνδρογύνοιε,
1276 3399 1308 3462 οἳ

211 3553 257 3620 ¹⁰³)
282 3553 372 3607 Huius
390 3552 508 3608 rationis
530 3552 622 3608 fontes
646 3569 710 3608 suos
732 3552 874 3608 tractandi
899 3552 990 3606 simile
1014 3551 1173 3620 exemplum
1191 3554 1309 3623 praebet

134 3624 298 3679 Eustathius
321 3641 347 3694 p.
368 3631 432 3692 729,
452 3630 499 3692 24,
528 3624 577 3678 ubi
599 3623 755 3678 Aristarchi
783 3623 1016 3694 interpretatione
1045 3641 1142 3678 versus
1164 3624 1308 3681 Homerici

135 3698 157 3750 Θ
177 3701 227 3750 555
252 3700 383 3750 enarrata
406 3695 451 3764 (ci.
470 3696 556 3750 schol.
575 3695 600 3747 A
619 3695 701 3750 adh.
722 3697 759 3762 v.)
784 3695 823 3750 sic
848 3695 953 3765 pergit:
983 3697 1057 3750 τινὲτ
1080 3697 1123 3762 δέ,
1144 3697 1182 3750 αἰε
1201 3697 1230 3750 ἐν
1249 3705 1308 3752 τοῑε

136 3766 269 3820 Ἀπίωνοε
287 3770 332 3820 καί
348 3769 508 3835 Ἡροδώρου
523 3769 646 3835 φέρεται,
666 3768 895 3835 διχοτομήεαντεε
912 3770 966 3834 τὴν
986 3769 1102 3834 εελήνην
1121 3767 1151 3820 ἐν
1169 3774 1211 3837 τῷ
1230 3786 1307 3836 φαει-

134 3840 187 3904 νὴν
205 3837 239 3890 τὸ
258 3839 308 3904 μὲν
322 3839 401 3905 φάει
420 3841 587 3906 παρώξυναν
601 3839 635 3892 τό
650 3839 681 3892 δὲ
698 3842 760 3905 νῆν
778 3840 957 3905 περιέεπαεαν
972 3838 1096 3892 εἰπόντε(
1113 3841 1166 3905 τὴν
1180 3845 1222 3908 τῷ
1241 3842 1307 3908 φάει

134 3912 187 3974 νῆν
206 3909 222 3960 ό
241 3909 294 3961 ἐετι
313 3910 380 3976 νέην
392 3913 482 3977 ἤγουν
501 3912 563 3978 ἀρτι
578 3908 742 3978 φωτίῑεεθαι
758 3910 922 3977 ἀρξαμένην,
941 3911 989 3963 ὅτε
1007 3909 1094 3977 αὐτῆ(
1108 3910 1231 3977 ἀμυδρῆε
1245 3929 1307 3978 φαι-

134 3979 234 4045 νούεηε
252 3980 387 4046 ἀριπρεπῆ
406 3983 442 4034 τά
456 3984 542 4050 ἀετρα
560 3981 697 4048 φαίνεται,
730 3979 802 4034 nihil
821 3998 939 4049 usquam
958 3981 1065 4035 dehac
1084 3980 1223 4049 scriptura
1241 3984 1307 4050 φάει

133 4056 186 4118 νῆν
209 4048 331 4104 traditur
354 4051 517 4118 (scholiasta
535 4051 570 4120 L,
599 4050 648 4120 qui
670 4051 746 4106 idem
771 4055 879 4119 narrat,
903 4052 939 4106 ab
965 4051 1112 4106 Eustathio
1136 4050 1306 4123 descripsit),

134 4120 264 4190 equidem
283 4137 339 4174 non
359 4120 456 4176 dubito
480 4121 548 4191 quin
566 4123 755 4178 commentum
778 4123 815 4175 sit
832 4121 965 4178 Eustathi
982 4122 1087 4192 ipsius,
1111 4121 1189 4176 cuius
1209 4140 1306 4180 ansam

135 4191 213 4248 dedit
231 4193 286 4246 hoc
305 4192 431 4248 scholion
449 4195 591 4248 vetustum
608 4193 638 4248 in
656 4193 703 4248 VB
721 4192 870 4248 traditum:
896 4195 922 4248 ol
942 4195 990 4260 μὲν
1009 4197 1062 4261 τὴν
1081 4195 1143 4260 ἄρτι
1162 4195 1306 4261 φαίνετθαι

135 4264 290 4332 ἀρχομένην
314 4262 389 4317 οἷον
412 4264 491 4318 νέαν
514 4267 549 4318 ἐν
571 4271 617 4335 τῷ
636 4266 715 4332 φάει
735 4305 805 4334 ...,
830 4266 856 4319 οἱ
880 4267 910 4319 δὲ
933 4269 986 4333 τὴν
1009 4267 1089 4333 φύτει
1111 4267 1230 4332 φαεινήν
1249 4271 1305 4322 κτλ.

135 4335 233 4389 eadem
255 4334 285 4389 ni
304 4334 388 4388 fallor
405 4334 483 4390 Euat.
506 4335 582 4405 apud
600 4335 737 4405 Apionem
762 4336 791 4389 et
808 4337 982 4391 Herodorum
1001 4333 1120 4403 invenit,
1148 4336 1196 4391 sed
1220 4338 1306 4394 verba

135 4405 197 4461 olor
213 4406 280 4460 νέαν
299 4408 329 4462 ἐν
347 4413 389 4478 τῷ
404 4408 470 4474 φάει
488 4422 595 4460 meram
613 4423 671 4462 esse
686 4407 947 4477 interpretationem
961 4409 1062 4478 poetae
1075 4406 1224 4462 verborum
1242 4427 1305 4466 cum

133 4493 191 4534 uon
208 4478 388 4552 perspiceret,
407 4478 558 4535 absurdam
576 4475 655 4535 illam
674 4477 823 4535 lectionem
843 4480 909 4548 φάει
927 4484 979 4550 νην
998 4477 1112 4535 effinxit.
