3102 5158
241 259 307 324 312
724 259 849 331 Leopold
868 260 959 316 Gohnr

243 433 308 490 tum
331 431 430 508 capita
448 425 568 492 λέξεων
582 429 870 506 Aristophanearuur
883 429 1027 505 inscripta
1046 433 1124 506 sunt,
1141 449 1233 490 unum
1250 427 1332 506 Περὶ
1349 431 1418 492 τῶν

242 514 515 595 ὑποπτευομένων
534 517 574 594 μὴ
596 514 733 594 εἰρῆιθαι
752 519 821 579 τοῑ(
839 516 1002 592 παλαιοῑι,
1021 519 1150 578 alterum
1168 513 1330 603 Ὀνόματα
1348 517 1417 596 ἡλι-

243 609 329 676 κιῶν.
359 627 561 684 omnesquae
584 609 749 685 sequuntur
771 609 804 667 in
821 609 852 666 M
877 605 1205 684 Atteic'Aristophunis
1228 628 1294 668 cum
1318 611 1418 686 capite

243 694 316 772 περὶ
332 693 502 772 ὀνομαιία(
516 693 646 773 ᾐλικιῶν
661 697 914 774 conglutinantur.
943 714 977 756 ac
991 697 1058 756 finis
1073 697 1192 773 quidem
1205 698 1294 758 huius
1309 699 1417 774 capitis

243 790 275 846 et
296 787 415 847 initium
438 787 543 863 capitis
566 783 639 862 περὶ
662 784 855 859 (υγγενικῶν
879 779 1048 860 ὀνομάτων
1071 785 1158 846 facile
1185 788 1418 865 perspiciuntur,

242 875 387 952 incipiunt
410 869 576 948 (υγγενικά
599 894 617 935 ο
639 893 712 936 voce
734 873 812 950 τήθη
833 867 947 953 (Miller
964 894 993 951 p.
1012 867 1104 955 431);
1129 893 1201 936 num
1219 895 1291 937 vero
1315 879 1417 937 omnia

243 983 319 1040 quae
338 968 504 1039 sequuntur
516 964 548 1024 in
562 965 659 1040 capite
673 961 746 1038 περὶ
760 962 952 1040 (υγγενικῶν
966 958 1136 1038 ὀνομάτων
1150 965 1221 1023 olim
1235 967 1416 1046 exstiterint,

242 1054 330 1114 valde
349 1054 558 1128 dubitandum,
581 1054 720 1130 quoniam
740 1050 840 1115 λέξει(
857 1052 888 1111 in
912 1053 955 1112 eis
980 1053 1173 1113 inveniuntur
1191 1072 1210 1112 a
1228 1055 1416 1131 cognationis

243 1146 275 1202 et
297 1143 453 1202 affinitatis
477 1147 654 1220 argumento
680 1159 803 1218 prorsus
831 1141 953 1201 alienae.
989 1141 1091 1218 itaque
1116 1141 1223 1202 Nauck
1248 1136 1415 1222 (Melanges

244 1230 493 1292 (irem-Romulus
511 1231 558 1291 III
576 1252 605 1308 p.
626 1221 704 1311 173)
729 1249 882 1290 servorum
905 1230 1026 1289 nomine
1049 1249 1125 1307 quae
1147 1231 1179 1290 in
1197 1231 1256 1292 fine
1273 1233 1417 1310 leguntur

243 1321 395 1396 singulare
422 1324 513 1398 caput
539 1317 611 1394 crept
640 1318 797 1380 δουλικῶν
820 1313 989 1393 ὀνομάτων
1012 1319 1144 1380 offecisse
1167 1320 1301 1381 coniecit.
1338 1341 1415 1399 quae

243 1411 414 1470 coniectura
423 1410 563 1470 Fresenio
572 1429 632 1469 non
646 1409 771 1485 suffecit,
780 1409 832 1486 qui
846 1406 1038 1481 (υγγενικῶν
1052 1409 1198 1468 ambitum
1211 1402 1307 1487 magis
1322 1413 1416 1473 etiam

244 1499 478 1559 contrahendum
497 1501 528 1558 et
546 1499 678 1558 omnium
696 1499 866 1574 glossarum
884 1517 960 1574 quae
974 1497 1042 1557 inde
1056 1498 1094 1557 eb
1109 1491 1202 1558 ἀιτό(
1215 1517 1288 1559 voce
1302 1491 1419 1581 (Miller

244 1608 272 1662 p.
296 1589 360 1648 432
385 1582 452 1669 inl.)
481 1588 624 1665 leguntur
655 1587 805 1662 peculiare
832 1589 922 1662 ceput
949 1582 1022 1661 crept
1049 1584 1222 1648 πολιτικῶν
1249 1583 1420 1663 ὀνομάτων

245 1678 438 1736 statuendum
461 1695 526 1736 esse
549 1675 664 1738 censuit
683 1666 725 1756 (p.
746 1672 811 1753 13).
847 1676 992 1752 gemellus
1011 1675 1119 1736 codicis
1138 1676 1169 1734 M
1186 1677 1264 1736 liber
1288 1677 1420 1738 Lauren-

244 1766 344 1828 tianus
359 1759 400 1846 (v.
414 1785 478 1842 sup.
493 1786 522 1842 p.
537 1758 616 1845 287)
634 1764 711 1824 nihil
724 1765 840 1825 confert
853 1764 891 1824 ed
909 1783 973 1823 rem
986 1764 1214 1842 diiudicendem,
1234 1767 1360 1826 eundem
1374 1787 1421 1826 ex-

244 1855 328 1915 hibet
346 1854 481 1914 ordinem
499 1856 669 1932 glossarum
687 1872 776 1930 quem
794 1854 857 1914 eod.
876 1853 915 1912 M.
956 1871 1011 1913 nec
1029 1853 1127 1914 minus
1146 1854 1202 1914 hec
1220 1853 1251 1913 in
1266 1874 1298 1914 re
1313 1855 1422 1916 Eusta-

245 1944 327 2003 thius
349 1962 404 2003 nos
429 1943 575 2004 destituit.
612 1944 691 2002 mele
713 1943 792 2001 enim
815 1942 945 2018 factum,
972 1942 1051 2019 quod
1074 1943 1253 2020 ubicumque
1276 1941 1423 2005 πολιτικὰ

244 2027 388 2107 ὀνόματα
412 2025 462 2115 (ut
480 2032 602 2094 Freseni
620 2032 741 2091 notione
758 2024 842 2111 uter)
867 2031 992 2108 attingit
1014 2032 1120 2107 capitis
1143 2032 1266 2092 titulum
1289 2032 1422 2093 indicare

244 2121 368 2182 omittit.
405 2117 571 2195 (υγγενικά
594 2115 738 2196 ὀνόματα
761 2139 828 2180 cum
852 2119 1063 2196 Aristophanis
1081 2121 1200 2181 nomine
1219 2139 1278 2182 uno
1301 2125 1422 2182 lentum

244 2211 309 2270 loco
331 2210 437 2276 laudat
458 2232 487 2287 p.
513 2211 590 2286 648,
609 2211 651 2270 53
680 2206 717 2270 ἐν
744 2209 813 2269 τοῑ(
843 2203 1091 2284 Ἀριετοφάνου(
1118 2209 1176 2270 τοῦ
1205 2211 1421 2285 γραμματικοῦ
1540 2271 1541 2274 ,

246 2298 449 2373 (ογγενικοῖι,
468 2300 513 2361 bis
532 2316 603 2359 vero
616 2298 827 2374 Aristophanis
846 2298 964 2358 nomine
979 2298 1089 2357 omisso
1102 2319 1130 2374 p.
1142 2300 1216 2374 316,
1233 2302 1274 2360 10
1292 2294 1311 2358 ὁ
1325 2296 1361 2360 ἐν
1375 2301 1421 2380 τῷ

244 2384 318 2462 περὶ
337 2386 530 2462 (υνγενικῶν
551 2381 721 2462 ὀνομάτων
740 2379 803 2446 ὧδέ
827 2402 898 2446 πω(
922 2381 1098 2446 διαιτείλα(
1117 2391 1147 2448 et
1165 2408 1193 2464 p.
1215 2391 1288 2466 971,
1308 2391 1349 2448 23
1374 2384 1419 2449 ὥ(

245 2471 321 2553 puri
338 2493 384 2536 τι(
406 2471 724 2552 ὀποιημειωεάμενο(
743 2469 886 2549 ὀνόματα
908 2470 1083 2547 (υγγενικά.
1120 2476 1187 2536 aliis
1211 2477 1283 2537 locis
1309 2493 1420 2550 (υγγε-

245 2561 316 2627 νικά
335 2565 493 2643 descripsit
508 2566 607 2642 capite
626 2584 686 2626 non
708 2565 889 2642 significato,
908 2583 966 2623 uno
986 2562 1106 2642 quidem
1124 2566 1188 2624 loco
1207 2565 1421 2644 Aristophanis

243 2655 363 2716 nomine
387 2655 489 2716 addito
512 2646 555 2734 (p.
576 2656 650 2728 589,
671 2657 710 2715 19
730 2649 814 2713 cco
836 2650 1050 2729 γραμματικά(
1069 2647 1297 2730 Ἀμιετοφάνη(
1322 2651 1424 2737 puri),

245 2744 352 2804 ceteris
369 2744 441 2804 locis
460 2743 570 2803 omisso
589 2734 633 2824 (p.
653 2744 727 2819 650,
747 2745 799 2804 20.
818 2744 891 2819 652,
911 2745 962 2804 41.
983 2745 1056 2817 674,
1076 2745 1127 2804 27.
1145 2743 1228 2816 779,
1248 2745 1298 2803 53.
1326 2747 1420 2821 1119,

248 2825 313 2912 11).
345 2851 379 2892 uc
398 2832 537 2893 similiter
555 2834 695 2906 excerpta
713 2850 749 2891 ex
767 2831 811 2891 eis
829 2850 905 2908 quse
924 2831 1120 2904 (υγγενικοῑε
1133 2832 1165 2891 in
1178 2833 1240 2890 ML
1256 2833 1421 2893 adhaerent

244 2921 364 2982 nomine
377 2923 496 2981 tentum
510 2919 720 2996 Aristophanis
735 2920 836 2980 addito
850 2920 945 2980 tradit
957 2940 985 2996 p.
1001 2922 1075 2994 566,
1091 2923 1142 2981 10.
1162 2922 1235 2995 659,
1250 2925 1301 2984 46.
1325 2925 1420 2996 1246,

248 3001 338 3089 1062)
365 3012 464 3085 1327,
484 3013 539 3085 22,
568 3010 659 3070 semel
682 3013 714 3070 et
735 3010 792 3070 hoo
815 3009 925 3069 omisso
947 3030 977 3086 p.
996 3011 1097 3083 1336,
1118 3012 1147 3070 9.
1184 3011 1310 3071 eundem
1328 3011 1420 3071 luisse

245 3100 277 3158 in
290 3099 431 3160 Eustethi
449 3099 611 3174 exemplari
629 3097 762 3158 ordinem
781 3098 952 3174 glossarum
970 3101 1061 3174 etque
1083 3098 1115 3157 in
1133 3099 1194 3158 ML
1213 3118 1248 3159 ec
1266 3102 1419 3177 probetur,

245 3187 325 3264 quod
342 3209 372 3264 p.
389 3191 462 3262 777,
477 3190 528 3262 54,
546 3187 599 3247 ubi
618 3190 768 3266 quattuor
779 3188 898 3264 glossae
915 3186 1155 3262 Aristophaneus
1174 3179 1278 3268 (ἄττα,
1297 3185 1418 3262 νέννοι,

246 3272 370 3351 (άνναι,
394 3269 538 3360 ψάκαλα)
558 3277 599 3337 sic
618 3280 840 3352 enumerantur,
857 3278 893 3336 ut
911 3278 1053 3353 quattuor
1072 3277 1171 3352 capita
1189 3270 1355 3359 icrunt)
1373 3278 1417 3336 in-

246 3367 389 3440 dicentur,
407 3367 492 3426 nulle
510 3369 669 3442 comparet
688 3385 764 3442 quae
782 3365 820 3424 ad
839 3364 977 3442 quintum
991 3360 1141 3443 quoddcm'
1154 3369 1244 3442 caput
1261 3367 1373 3426 referat
1410 3415 1417 3428 .

333 3456 549 3532 Fragmentum
571 3454 741 3514 Parisinum
765 3451 827 3514 tres
850 3451 1094 3516 οιόἱόοάλέξει(
1113 3449 1297 3527 (υγγενικάκ
1320 3449 1355 3536 (ξ
1378 3457 1417 3515 12
1539 3497 1540 3514 .

247 3538 444 3617 ἀνεψιαδοῦς
458 3540 629 3617 ἐξανέψιοι,
649 3541 669 3618 ξ
686 3545 725 3604 13
746 3537 968 3618 παράνυμφοε,
988 3539 1007 3617 §
1025 3546 1065 3603 14
1083 3536 1206 3624 χῆροε),
1224 3544 1298 3602 duas
1318 3542 1418 3606 λέξει(

246 3626 409 3693 πολιτικά(
433 3625 467 3711 (ἓ
488 3634 527 3692 15
553 3629 652 3708 ξένοι,
676 3630 695 3705 ξ
717 3634 756 3691 16
781 3623 949 3713 μέτοικοι).
986 3632 1166 3708 archetypus
1195 3631 1328 3691 codicum
1356 3633 1418 3692 ML
1539 3661 1540 3672 τ

247 3721 301 3780 hoc
316 3722 413 3798 cupite
427 3720 667 3797 corruptissimus
681 3720 752 3780 fuit:
767 3721 884 3782 misella
894 3721 1027 3781 servavit
1035 3720 1133 3780 frusta
1143 3719 1294 3779 doctrinae
1303 3720 1418 3780 Aristo-

245 3810 361 3886 phanis,
379 3829 456 3888 quee
473 3809 532 3869 nisi
550 3829 585 3868 ex
604 3809 746 3870 Eustathi
765 3808 983 3869 commentariis
1003 3808 1129 3884 aliisque
1146 3808 1280 3868 fontibus
1298 3812 1415 3887 supple-

246 3901 351 3959 rentur
369 3903 459 3977 atque
479 3898 709 3976 corrigerentur,
726 3917 833 3973 parurn
847 3899 947 3957 essent
963 3897 1060 3956 utilia,
1091 3898 1188 3958 multa
1206 3899 1341 3958 codicum
1355 3899 1417 3958 ML

245 3989 321 4048 vitis
338 3988 425 4048 facile
444 3988 592 4048 tolluntur
609 3986 769 4047 Eustathio
788 3988 973 4064 comparato,
994 3988 1027 4044 ut
1040 3985 1082 4062 gl.
1096 3984 1188 4062 τήθη,
1213 3981 1343 4064 πάτρω(
1361 3984 1416 4062 μή·

246 4092 339 4152 τρω(,
357 4072 485 4152 ἀνεψιοί
504 4070 628 4156 (Ncuch
646 4067 801 4152 Melanges
818 4074 865 4135 III
879 4095 907 4156 p.
925 4065 1013 4155 174),
1031 4072 1182 4151 πενθεροί
1201 4068 1244 4158 (u.
1258 4075 1415 4135 Freseuius

318 4228 353 4298 ⁶²)
372 4231 403 4285 P.
419 4225 772 4300 1246,10Eust.primum
789 4227 928 4284 vocabula
945 4228 1038 4296 λάτοι(
1056 4230 1086 4284 et
1104 4233 1186 4296 θῆτε(
1203 4227 1326 4282 illustrat
1343 4241 1414 4293 quae

246 4301 282 4356 nd
300 4302 426 4355 πολιτικά
444 4302 594 4371 pertinent,
612 4301 672 4354 tum
690 4299 819 4368 adiungit
837 4302 920 4366 θήαα
938 4315 1041 4355 nomen
1054 4300 1220 4367 (υγγενικόν.
1239 4325 1273 4336 -
1294 4295 1328 4365 68)
1346 4297 1415 4364 Περὶ

244 4374 482 4514 Khssirhwhffihf
500 4390 528 4427 π.
548 4375 716 4438 (υγγενικῶν
735 4370 896 4440 ὀνομάτων,
917 4389 946 4427 π.
965 4376 1024 4426 τῶν
1042 4369 1288 4436 ὑποπτευομένων,
1306 4385 1335 4423 π.
1355 4369 1415 4423 ὀνο
