3102 5158
225 260 291 327 300
691 262 818 333 Leopold
838 260 929 318 Oohn:

226 430 357 491 Pollucis
377 429 588 492 Onomasticon
608 422 654 512 (Il
678 423 859 513 8—13).³⁷)
895 451 983 508 quem
1008 431 1034 492 si
1057 449 1123 492 cum
1142 429 1343 506 Aristophane
1366 433 1399 490 et

225 519 355 597 Didymo
375 521 609 598 comparaveris,
628 521 726 596 ipsum
741 522 904 602 'intelleges
923 540 977 580 nec
996 519 1206 599 Aristophanis
1224 515 1324 581 λέξεις
1342 538 1399 579 nec

226 608 349 686 Didymi
377 606 527 690 ςύμμικτα
560 609 731 669 adhibuisse
763 629 817 670 nec
849 609 1002 670 Alexionis
1037 611 1194 686 epitomen.
1240 609 1293 668 sed
1324 610 1398 669 ordo

225 699 438 775 disputationis
463 699 489 760 is
515 702 573 775 est,
597 701 632 758 dt
650 699 810 775 primarius
835 702 939 760 auctor
957 698 1174 776 Aristophanes
1197 698 1285 757 facile
1307 716 1398 774 agno-

226 790 336 849 scatur.
378 783 493 848 scilicet
516 787 729 864 epitomatores
748 789 799 864 qui
822 789 959 850 celeriter
978 788 1104 848 saeculis
1123 789 1138 846 I
1161 790 1193 846 et
1210 786 1241 846 H
1265 797 1330 847 sese
1349 805 1397 846 ex-

225 876 376 952 cipiebant
396 879 494 937 multa
512 877 689 937 resecabant
706 878 767 936 alia
789 877 1019 953 interpolabant
1055 876 1169 938 accedit
1193 876 1271 952 qued
1291 875 1398 935 Pollux

226 965 424 1042 disputationi
438 985 511 1025 suae
521 985 755 1042 synonymorum
766 967 953 1042 collectiones
967 967 1102 1040 inseruit,
1119 965 1221 1043 quales
1236 984 1290 1041 per
1299 968 1397 1024 totum

228 1053 440 1115 Onomastioon
474 1055 512 1114 ab
540 1074 575 1115 eo
603 1054 753 1114 adhibitas
782 1073 847 1114 esse
875 1059 993 1116 constat
1020 1048 1070 1136 (cf.
1093 1055 1196 1114 Rohde
1220 1055 1240 1114 l.
1259 1055 1279 1114 l.
1297 1074 1325 1130 p.
1345 1056 1397 1114 81.
1462 1090 1465 1096 ‚
1545 1061 1546 1064 ’

226 1143 361 1203 Schmidt
380 1143 434 1215 Qu.
450 1144 580 1220 Hesych.
598 1164 627 1222 p.
644 1137 807 1223 cxxvss).
838 1163 892 1204 nec
910 1147 1070 1220 praecepta
1088 1142 1298 1204 Atticistarnm
1317 1143 1397 1218 apud

226 1233 381 1292 Pollucem
399 1232 568 1309 frequentia
591 1234 629 1292 ab
650 1232 851 1309 Aristophane
870 1233 1014 1310 Byzantio
1037 1253 1097 1294 non
1120 1251 1184 1293 esse
1207 1232 1306 1292 aliena
1329 1250 1397 1291 con-

227 1325 411 1383 sentaneum.
444 1323 486 1382 sic
500 1321 706 1398 explicandum
720 1325 767 1383 est
780 1323 860 1399 quod
873 1322 1002 1382 Pollucis
1021 1323 1185 1398 disputatio
1199 1321 1230 1381 in
1244 1321 1396 1381 nominum

225 1408 421 1488 dispositione
449 1430 516 1471 cum
547 1411 692 1486 excerptis
716 1411 945 1488 Aristophaneis
969 1411 1120 1488 congruit,
1143 1412 1176 1471 in
1197 1411 1303 1470 ceteris
1326 1429 1397 1471 vero

226 1501 375 1576 originem
395 1519 480 1560 suam
499 1499 677 1560 dissimulat.
1287 1507 1290 1512 '
1439 1552 1444 1563 .

314 1587 414 1650 Ceteri
438 1589 557 1666 quidem
580 1589 784 1665 lexicographi
807 1590 920 1666 passim
943 1584 1086 1663 ὀνόματα
1104 1585 1233 1665 ἡλικιῶν
1256 1589 1397 1662 tractant,

223 1679 268 1738 ita
285 1697 356 1739 vero
375 1682 410 1738 ut
437 1697 496 1738 non
514 1679 644 1738 multum
668 1678 706 1737 ad
725 1682 865 1755 excerpta
882 1679 1049 1759 Byzantina
1071 1679 1121 1739 vel
1140 1678 1325 1738 emendanda
1347 1679 1397 1738 vel

224 1769 391 1844 supplenda
410 1768 573 1828 conferant.
611 1768 743 1827 omnium
761 1769 890 1828 maxime
904 1768 1072 1852 Hesyphius
1090 1787 1149 1827 non
1168 1768 1266 1827 nullas
1281 1765 1397 1825 Aristo-

224 1858 332 1933 phanis
355 1857 506 1917 doctrinae
529 1855 671 1932 reliquias
695 1858 834 1917 servavit.
871 1856 907 1916 cf.
928 1857 1058 1934 Hesych.
1078 1851 1231 1930 ἀντίπαις,
1252 1851 1395 1931 βούπαις,

223 1937 450 2024 mecaenat),
465 1939 659 2020 ἀποβώμιος,
674 1939 816 2021 ἀπόθριξ,
831 1939 974 2021 ἀπιχθυς,
988 1941 1196 2025 ίππαγρέτας,
1210 1939 1395 2019 ὠμογέρων.

224 2033 372 2096 Cret-icam
382 2053 484 2096 vocem
494 2028 679 2110 ἀπόδρομος
693 2035 724 2094 in
734 2035 925 2112 Hesychiano
938 2035 1031 2095 lexico
1041 2054 1101 2094 non
1113 2035 1250 2110 legimus,
1266 2052 1397 2110 synony-

223 2143 304 2184 mam
322 2143 393 2186 vero
412 2118 584 2197 ἀπάγελος,
604 2124 686 2183 cuius
705 2125 887 2184 mentionem
905 2124 964 2200 ipsi
982 2124 1085 2184 deberi
1103 2123 1298 2199 Aristophani
1315 2124 1397 2182 recte

225 2213 331 2273 Nauck
354 2233 383 2290 p.
407 2216 447 2273 95
478 2212 669 2272 existimavit
716 2212 795 2274 idem
823 2217 994 2289 corruptam
1025 2215 1156 2289 glossam
1189 2206 1396 2285 ἀγελάςτους·

223 2298 374 2378 ἐφήβους.
409 2298 526 2376 Κρῆτες
544 2301 602 2361 huc
615 2303 743 2378 rettulit,
762 2303 929 2362 emendatio
944 2321 1015 2362 vero
1030 2321 1121 2378 quam
1133 2302 1289 2377 proposuit
1307 2294 1395 2376 (ἀγέ-

148 2433 149 2436 ,
224 2389 394 2452 λας·,τοὺς
412 2386 562 2466 ἐφήβους.
584 2384 715 2472 Κρῆτες)
738 2391 789 2450 rix
812 2394 859 2450 est
875 2391 1050 2468 probabilis.
1086 2390 1261 2458 coniecerim
1280 2382 1397 2461 ἀγελά-

223 2495 293 2540 τας·
307 2477 384 2540 τοὺς
398 2475 549 2555 ἐφήβους.
565 2476 692 2554 Κρῆτες.
723 2473 876 2553 ἀγελᾶται
891 2480 970 2540 enim
987 2479 1129 2539 videntur
1142 2479 1287 2556 appellati
1301 2479 1395 2538 fuisse

225 2570 430 2630 adolescentes
450 2568 546 2628 aldem
565 2562 664 2649 ἀγέλῃ
683 2569 839 2645 adscripti:
857 2569 1118 2630 cf.Heracl.Pont.
1129 2568 1216 2629 Polit.
1228 2569 1247 2628 3
1261 2560 1395 2647 (Schnei-

224 2657 321 2718 dewin
339 2679 368 2735 p.
383 2650 419 2739 8)
437 2658 549 2734 Ephor.
567 2677 614 2734 ap.
630 2658 729 2719 Strab.
743 2659 770 2718 X
785 2661 859 2720 482.
890 2659 1029 2718 Laconici
1045 2657 1183 2718 vocabuli
1197 2652 1396 2730 ἱππαγρέτας

225 2767 394 2824 synonyma
411 2747 532 2806 exhibet
545 2746 674 2824 Hesych.
692 2743 867 2822 ἵππαρχος·
887 2742 906 2807 δ
924 2747 991 2807 τῶν
1005 2742 1090 2808 νέων
1104 2742 1293 2820 ἐπιμελητὴς
1307 2739 1394 2819 παρὰ

224 2831 366 2896 Λάκωςιν
390 2840 421 2895 et
444 2831 667 2908 παιλαγρέται·
691 2830 772 2911 ἀρχή
796 2851 843 2895 τις
861 2832 914 2896 ἐπὶ
936 2831 1063 2897 ἱππέων
1082 2829 1304 2915 (παιδαγρέται
1323 2834 1396 2894 coni.

224 2925 374 2985 Ruhnken
388 2925 426 2984 ad
441 2919 853 3000 Τίια.1οκ.ΡΙ.ίππαγρέται,
869 2920 1031 3000 ἰλαγρέται
1044 2925 1085 2986 Μ.
1099 2916 1257 3004 Schmidt).
1281 2923 1398 2982 Aristo-

226 3015 334 3090 phanis
353 3014 565 3075 vocabulorum
585 3007 730 3076 ἀντίπαις
750 3016 781 3074 et
800 3010 933 3090 βούπαις
952 3013 1134 3092 explanatio,
1154 3031 1229 3090 quae
1249 3012 1395 3088 excerptis

211 3103 399 3180 ¹Byzantinis
414 3121 475 3161 non
487 3102 548 3162 iam
562 3103 701 3180 traditur,
716 3105 837 3162 servata
850 3104 971 3164 uidetur
984 3103 1022 3162 ab
1037 3103 1197 3163 Ammonio
1211 3123 1239 3178 p.
1256 3104 1317 3161 109
1334 3093 1397 3182 (nt.

226 3191 303 3254 Gud.
318 3186 398 3272 447)
413 3190 503 3266 παῖς,
522 3185 668 3253 ἀντίπαις
683 3187 734 3252 καὶ
744 3187 883 3267 βούπαις
897 3188 1056 3266 διαφέρει·
1075 3191 1151 3250 παῖς
1165 3187 1223 3265 μὲν
1237 3185 1299 3263 γάρ
1313 3185 1396 3250 ἐςτιν

225 3274 300 3340 ὁὲν
318 3283 356 3361 τῇ
376 3280 504 3360 παιδικῇ
522 3275 639 3360 ἡλικίᾳ·
663 3275 808 3342 ἀντίπαις
827 3277 862 3341 δὲ
883 3275 902 3340 δ
925 3276 1102 3355 έκβεβηκὼς
1125 3280 1182 3340 τοῦ
1206 3275 1320 3338 παιδὸς
1338 3276 1397 3353 τὴν

226 3365 353 3445 ἡλικίαν
371 3365 423 3430 καὶ
436 3367 497 3444 ἤδη
512 3365 685 3446 πρόςηβος·
706 3366 837 3446 βούπαις
852 3366 888 3429 δὲ
903 3363 922 3428 ὁ
941 3366 1038 3445 μέγας
1052 3368 1136 3430 παῖς.
1167 3369 1267 3446 ipsum
1280 3367 1396 3428 Aristo·

224 3459 356 3535 phanem
371 3460 601 3535 grammaticum
615 3460 735 3519 videtur
752 3461 875 3519 laudare
889 3459 953 3518 loco
972 3459 1058 3520 valde
1073 3462 1212 3534 corrupto
1227 3450 1277 3538 (cf.
1291 3456 1397 3518 Nauck

223 3568 252 3623 p.
274 3540 330 3627 93)
355 3547 462 3606 Suidas
481 3567 504 3607 s.
522 3569 551 3611 v.
574 3542 734 3608 ἀντίπαίς·
750 3542 777 3606 ,ὁ
796 3544 892 3622 ἐγγὺς
915 3543 962 3609 ὢν
985 3547 1044 3607 τού
1066 3541 1177 3607 ίουλος
1195 3543 1354 3621 γενέςθαι,
1377 3540 1396 3605 δ

221 3633 281 3697 τὸν
304 3631 448 3709 πώγωνα
471 3632 610 3711 ἐκφύιυν.
648 3631 667 3696 ὁ
697 3634 736 3696 δὲ
760 3630 1041 3713 Ἀριςτοφάνης
1070 3630 1088 3694 ὁ
1117 3630 1308 3712 πρόςηβος
1337 3631 1397 3696 καὶ

225 3719 437 3802 ἀνδρόπαις
457 3719 574 3787 εἶπεν.
612 3727 705 3786 verba
723 3729 864 3802 corrupta
882 3727 949 3787 coll.
967 3727 1023 3788 lex.
1042 3724 1135 3788 Bekk
1155 3726 1228 3799 407,
1251 3727 1290 3785 16
1311 3719 1396 3786 ἀντί-

223 3828 314 3873 παις·
333 3809 352 3872 ὁ
372 3808 531 3889 πρόςηβος
550 3811 601 3875 καὶ
624 3809 800 3890 ἀνδρόπαις
818 3811 869 3876 καὶ
883 3810 964 3889 ὑπὲρ
983 3811 1041 3889 τὴν
1060 3813 1118 3873 τοῦ
1138 3809 1253 3874 παιδὸς
1272 3809 1396 3890 ἡλικίαν

223 3898 305 3984 (huie
323 3903 403 3964 enim
417 3904 603 3980 compilatori
622 3923 807 3965 communem
821 3924 889 3965 cum
903 3903 995 3963 Suida
1013 3903 1127 3963 fontem
1145 3903 1238 3964 fuisse
1253 3895 1394 3983 apparet)

295 4091 329 4162 87)
354 4091 394 4150 cf.
412 4092 445 4150 Il.
464 4091 577 4160 Rohde,
598 4092 633 4148 de
651 4093 715 4148 Inlii
733 4093 856 4151 Pollucis
878 4091 1065 4162 inapparatu
1089 4092 1221 4148 scaenico
1241 4086 1394 4147 enarrando

221 4163 358 4234 lontibus,
375 4181 403 4234 p.
424 4170 457 4218 14
472 4180 531 4233 sqq.
558 4164 705 4221 Presenius
723 4184 750 4236 p.
771 4170 804 4220 12
819 4182 860 4234 sq.
880 4195 913 4204 -
939 4162 972 4231 88)
992 4161 1054 4220 Ηοα
1069 4165 1237 4220 vocabulum
1256 4158 1393 4227 excerptis

223 4235 384 4304 Byzantinis
401 4235 480 4290 varie
497 4238 659 4306 corruptum
677 4237 793 4308 legitur:
817 4236 987 4305 τριακάπους
1004 4235 1082 4290 Enst.
1102 4253 1129 4306 p.
1149 4241 1208 4290 ιιι.
1230 4235 1314 4298 1592,
1336 4245 1394 4297 τρι·

223 4308 328 4362 κύτους
346 4306 387 4376 Μ,
406 4306 563 4376 τρικαδίους
580 4307 658 4363 Eust.
677 4326 705 4377 p.
726 4312 802 4363 1788.
839 4307 910 4362 mire
929 4306 1028 4361 Nauck
1047 4326 1073 4376 p.
1094 4313 1128 4360 95
1146 4306 1264 4359 formam
1282 4301 1393 4368 τριακά-

223 4380 275 4431 διοι
298 4377 440 4447 probavit.
477 4379 642 4448 scripturam
667 4379 748 4435 unice
773 4394 868 4434 veram
891 4379 1045 4446 τριακάτιοι
1068 4375 1199 4432 exhibent
1222 4372 1341 4442 Hesych.
1365 4378 1395 4428 et

222 4450 349 4503 Ammon.
369 4449 532 4518 (τριακατίοι
552 4450 660 4505 Ahrens
679 4450 752 4508 Dial.
772 4449 837 4504 Dor.
858 4469 884 4520 p.
904 4451 975 4521 281).
