3102 5158
26 319 27 326 ,
140 269 182 324 De
197 269 387 340 Aristophane
401 265 535 339 Byzantio
551 269 580 324 et
594 265 726 324 Suetonio
736 267 900 338 Tranquillo
909 268 1041 336 Eustathi
1055 271 1224 327 auctoribus.
1244 269 1323 334 295¹

26 477 27 488 .
134 437 330 514 μονογενῶς.
367 434 493 510 λέγεται
522 433 557 498 δὲ
582 433 633 497 καὶ
656 433 709 499 ἐπὶ
732 431 897 512 γυναικός,
921 433 966 498 ὡς
989 433 1081 498 ἄλλοι
1105 427 1163 514 μὲν
1182 436 1307 516 πολλοί,
1348 475 1352 480 ,
1382 490 1384 497 .

133 525 286 604 Φιλήμων
306 525 341 587 δὲ
360 523 464 587 οὕτως
483 524 520 588 ἐν
537 519 715 607 Πτερυγίῳ.
1303 535 1305 542 “

26 621 27 630 ’
365 609 460 690 (Νυνὶ
480 610 589 676 δ’ὅταν
608 611 688 696 λάβῃ
711 633 758 676 τις
778 612 823 677 εἰς
841 615 899 693 τὴν
919 612 1021 679 οἰκίαν
1114 605 1118 612 ’

365 701 421 765 τὰς
440 701 619 766 Ἱππονίκας
638 701 732 774 τὰςδε
751 703 803 766 καὶ
823 702 1055 781 Ναυςιςτρςίτας

26 833 27 842 .
365 791 417 854 καὶ
438 790 636 869 Ναυςινίκας,
655 791 712 855 τὰς
732 790 897 870 Ἀθηναίας
916 790 1023 869 λέγω.’

26 881 27 890 ’
136 880 280 959 Δίδυμος
299 879 335 944 δέ
355 899 450 962 φηςιν
469 879 518 944 ὅτι
538 878 705 959 Ἀθηναίας
724 881 871 956 λέγουςιν
889 878 960 944 ἀντὶ
978 885 1036 944 τοῦ
1055 879 1204 946 Ἀττικάς.
1232 879 1251 944 ὁ
1270 882 1306 945 δὲ

134 970 293 1049 Φρύνιχος
312 967 481 1034 ἀνάττικόν
505 989 600 1048 φηςιν
624 967 705 1048 εἶναι
729 971 787 1048 τὴν
806 971 921 1049 φωνὴν
944 971 996 1034 καὶ
1019 970 1169 1049 θαυμάζει
1193 973 1262 1034 πῶς
1288 970 1307 1033 ὁ

125 1057 334 1138 Φερεκράτης
350 1055 563 1122 ἀττικώτατος
578 1057 624 1123 ὢν
639 1063 759 1138 χρῆται.
788 1057 883 1123 ἀςτὰς
903 1057 1009 1122 δὲτὰς
1024 1063 1176 1136 γυναῖκας
1191 1059 1306 1136 ἔλεγον

132 1148 175 1212 οὐ
201 1148 254 1211 διὰ
280 1147 319 1211 τὸ
349 1148 388 1226 μὴ
413 1147 565 1212 δύναςθαι
583 1141 701 1224 Ιλέγειν
724 1145 905 1226 Ἀθηναίας,
929 1145 1000 1210 ἀλλ’
1023 1149 1132 1229 ἐπειδὴ
1157 1149 1307 1213 καὶτοὺς

129 1235 254 1315 ἄνδρας
273 1234 386 1300 ἀετοὺς
405 1232 593 1320 creberet)
632 1260 667 1299 ex
691 1241 746 1300 hoc
765 1241 910 1318 Stephani
927 1241 992 1301 loeo
1011 1245 1137 1318 apparet
1151 1241 1250 1318 Orum
1268 1243 1306 1301 ad
1401 1229 1406 1237 ’

132 1331 336 1408 Phrynichum
358 1329 551 1389 refutandum
574 1328 698 1406 Didymi
721 1331 821 1406 copias
841 1329 1027 1406 adhibuisse,
1051 1330 1215 1407 Didymum
1233 1350 1305 1390 vero

132 1419 351 1495 Aristophane·
364 1419 508 1494 Byzantio
535 1438 623 1478 usum
652 1437 718 1480 csse
745 1423 875 1481 auctore.
924 1420 1026 1496 itaque
1054 1419 1302 1498 Antiattieistam,

101 1571 102 1576 ,
133 1528 223 1584 quem
241 1509 291 1567 vix
315 1507 473 1584 quisquam
492 1507 552 1567 Oro
576 1508 692 1567 Milesio
716 1508 915 1585 antiquiorem
939 1500 1184 1589 existimabitu),
1207 1510 1306 1585 ipsum

133 1597 345 1672 Aristophanis
369 1597 557 1672 grammatici
581 1594 680 1659 λέξεις
708 1597 818 1657 adiisse
847 1600 882 1656 ut
905 1599 1060 1658 eradamus
1084 1599 1167 1657 nulla
1191 1599 1306 1658 ratione

27 1701 29 1775 ’χ
132 1688 313 1762 postulatur.
336 1703 464 1762 namque
474 1686 553 1761 apud
563 1686 725 1762 Didymum
740 1690 771 1746 et
785 1688 836 1763 qui
847 1679 1184 1765 honorequeboneurffi)
1200 1688 1306 1747 lexico-

134 1777 265 1852 graphos
281 1775 355 1834 satis
375 1775 471 1834 multa
484 1775 611 1852 invenit,
626 1775 734 1851 quibus
749 1775 906 1836 Atticistas
921 1780 1024 1851 posset
1037 1775 1179 1838 refutare.
1207 1795 1307 1852 gram-

108 1860 308 1924 maticorum
332 1864 414 1922 illius
437 1865 545 1924 aetatis
575 1883 639 1925 mos
666 1883 725 1924 non
752 1865 823 1943 fuit,
850 1869 883 1924 ut
906 1865 937 1923 in
961 1865 1132 1925 auctoribus
1159 1866 1305 1942 eligendis

132 1955 364 2030 regrederentur
387 1953 425 2012 ad
452 1953 689 2029 antiquissimos,
717 1954 807 2014 immo
835 1971 906 2013 vero
933 1955 1110 2016 novissimos
1139 1956 1305 2014 exscribere

132 2033 355 2122 maluerunc.2⁶)
374 2059 464 2118 quam
477 2060 541 2101 rem
556 2043 732 2102 confirmant
746 2044 837 2124 ceteri
851 2044 1063 2120 lexicographi,
1078 2062 1205 2119 quorum
1218 2063 1305 2103 nemo

29 2128 31 2141 '
132 2131 344 2208 Aristophanis
369 2127 469 2192 λέξεις
491 2131 556 2206 ipse
578 2132 721 2209 inspexit,
744 2133 796 2208 qui
819 2135 920 2191 tameir
938 2133 1043 2192 multis
1067 2133 1139 2192 locis
1163 2133 1228 2192 eius
1253 2134 1304 2192 ob-

30 2268 31 2277 .
133 2222 317 2281 servationes
340 2220 432 2279 tacite
450 2220 587 2294 tradunt,
607 2220 758 2281 Pollucem
778 2222 842 2280 dico
863 2221 1046 2298 Hesychium
1061 2221 1201 2282 Photium
1221 2223 1305 2298 alios,

134 2311 242 2386 quibus
261 2309 406 2369 accedunt
424 2309 609 2370 scholiastae.
647 2311 782 2386 exempla
801 2311 948 2386 quaedam
965 2311 1072 2370 afferre
1091 2311 1188 2371 liceat.

207 2461 241 2532 ²³)
265 2463 344 2517 Euat.
363 2480 390 2532 p.
409 2467 457 2534 84,
477 2468 509 2518 21
539 2463 677 2534 excerptis
705 2479 739 2518 ex
758 2462 839 2518 Aelio
857 2462 993 2532 Dionysio
1021 2464 1050 2517 et
1072 2462 1212 2518 Pausania
1230 2464 1304 2518 'haee
1393 2455 1398 2466 ⁴

132 2532 272 2588 adiunxit:
297 2536 386 2601 ἕοεροι
411 2535 441 2587 δὲ
459 2539 517 2588 τῶν
535 2539 660 2589 παλαιῶν
684 2536 760 2602 οὕτω
780 2536 922 2601 ςυντόμως
941 2537 1032 2589 εἶπον·
1058 2535 1204 2590 ἀνάττικον
1226 2536 1304 2602 Ἀθη-

31 2611 33 2650 ὲ
132 2605 214 2658 ναίαν
232 2611 350 2670 γυναῖκα
369 2605 468 2658 εἰπεῖν·
488 2607 570 2659 ἀςτὰς
593 2607 624 2659 δὲ
642 2607 692 2660 τὰς
711 2607 835 2659 Ἀττικὰς
853 2611 984 2670 γυναῖκας
1003 2608 1098 2670 ἔλεγον
1118 2607 1156 2660 ὡς
1175 2609 1219 2659 καί
1238 2610 1305 2661 τοὺς

134 2678 238 2743 ἄνδρας
266 2676 372 2730 ἀετούς.
418 2677 489 2731 haee
516 2675 595 2732 Euat.
623 2693 679 2731 nen
707 2693 740 2732 ex
769 2676 824 2732 Oro
852 2677 951 2746 habet,
979 2681 1011 2731 ut
1038 2677 1183 2731 contendit
1210 2677 1305 2732 Nabar

32 2755 34 2762 '
132 2749 171 2816 (p.
191 2749 244 2815 98),
264 2748 313 2802 sed
332 2764 366 2802 ex
386 2747 529 2816 Stephano
547 2747 690 2816 Byzantio.
727 2765 792 2802 nam
811 2749 898 2803 Orum
916 2748 993 2804 Euat.
1013 2764 1070 2802 non
1087 2748 1142 2801 nisi
1160 2748 1303 2802 technico-

131 2837 194 2872 rum
213 2819 250 2887 (h.
266 2834 290 2872 a.
305 2817 502 2887 Ohoerobosci)
522 2818 576 2872 tide
590 2819 704 2874 laudat:
724 2819 758 2874 ef.
773 2838 800 2890 p.
816 2824 877 2888 859,
892 2826 925 2874 52
943 2821 1032 2888 παρὰ
1051 2821 1086 2874 δὲ
1105 2825 1178 2874 τοῖς
1195 2837 1304 2886 τεχνι-
1387 2887 1390 2892 Ι

132 2896 203 2943 κοῖς
222 2895 307 2943 astrui
326 2893 370 2943 καὶ
390 2891 433 2943 ὅτι
452 2891 468 2942 ὁ
493 2891 542 2955 μὲν
561 2891 647 2958 Ὦρος
665 2893 717 2958 οὐχ
737 2892 907 2958 Ἑλληνικὴν,
919 2892 991 2946 λέξιν
1014 2893 1067 2958 τὴν
1087 2890 1212 2958 ἰατρίνην
1231 2892 1302 2945 είναί

131 2977 224 3029 φηςιν,
244 2961 422 3028 Ἀλέξανδρος
440 2963 470 3014 δὲ
490 2962 505 3014 ὁ
523 2962 678 3016 Κοττυαεὺς
691 2963 762 3029 πρὸς
776 2962 914 3029 ἀκρίβειαν
933 2966 1025 3017 λαλῶν
1040 2964 1076 3029 μὴ
1093 2963 1219 3029 Ἀττικήν
1234 2963 1305 3016 εἶναι

133 3033 223 3099 αὐτὴν
237 3033 318 3097 λέγει.
351 3048 423 3101 quac
438 3048 472 3086 ex
487 3031 535 3086 Ori
549 3034 620 3086 κατὰ
634 3033 774 3100 Φρυνίχου
789 3033 862 3089 libro
876 3033 969 3103 petita
983 3049 1044 3088 esse
1061 3032 1181 3087 coniecit
1194 3031 1304 3087 Ritsohl

132 3104 167 3157 de
187 3103 243 3158 Oro
261 3121 288 3172 p.
307 3108 343 3156 42
363 3103 475 3174 (Opusc.
495 3103 508 3156 Ι
527 3106 600 3174 697).
632 3107 779 3173 praeterea
797 3105 906 3160 duobus
923 3105 993 3160 locis
1009 3104 1095 3158 Orum
1114 3105 1212 3158 laudat
1225 3105 1302 3158 Eost.

131 3191 159 3244 p.
179 3179 245 3242 837,
265 3180 307 3230 4ο.
333 3179 397 3242 867,
417 3180 466 3242 42,
484 3176 603 3246 utroque
621 3176 684 3231 loco
704 3193 738 3230 ex
757 3175 962 3232 Choerobosco:
986 3177 1020 3232 of.
1040 3176 1083 3230 Et.
1103 3176 1160 3244 Mg.
1181 3181 1242 3242 411,
1261 3181 1303 3230 53.

131 3245 268 3300 Choerob.
288 3245 420 3315 Orthog‘r.
440 3250 505 3315 235,
525 3252 566 3299 27.
595 3246 640 3302 Et.
659 3246 715 3318 Mg.
735 3247 816 3303 Voss.
835 3253 901 3313 567,
919 3253 944 3302 4.
965 3277 998 3286 —
1024 3246 1058 3316 ²⁴)
1082 3247 1304 3302 Antiattieistam

29 3340 32 3361 ι
131 3317 180 3384 qui
193 3319 310 3372 vocatur
325 3316 411 3370 Orum
429 3333 490 3372 esse
508 3315 609 3387 ipsum,
628 3317 658 3372 id
672 3319 748 3388 quod
762 3318 944 3373 Ruhnkenius
959 3319 1027 3373 olim
1042 3318 1170 3385 coniecit,
1189 3319 1302 3372 demon-

131 3390 221 3442 strare
240 3387 348 3443 studuit
366 3388 461 3443 Nabar
479 3388 508 3456 (l.
528 3387 546 3442 l.
565 3406 592 3458 p.
612 3395 646 3444 97
665 3392 761 3459 αοηη.).
798 3405 882 3458 quam
907 3390 1065 3459 opinionem
1084 3405 1136 3443 nec
1155 3389 1303 3444 defendere

29 3494 31 3509 .
132 3475 183 3514 nec
206 3458 335 3514 refellere
359 3458 442 3513 huius
466 3461 510 3513 est
531 3458 596 3514 loci.
638 3460 749 3516 Ritschl
772 3460 817 3528 (de
842 3460 897 3515 Oro
920 3478 947 3531 p.
967 3466 1011 3514 43.
1031 3464 1065 3514 68
1089 3461 1147 3515 sive
1171 3461 1271 3530 Opuso.
1291 3462 1304 3513 Ι

131 3535 192 3585 698.
213 3533 276 3600 etc)
303 3547 337 3584 ex
356 3530 404 3584 Ori
429 3532 526 3584 contra
548 3531 738 3600 Phrynichum
764 3531 837 3586 libro
860 3548 916 3586 non
939 3533 1017 3587 nulla
1039 3532 1069 3586 in
1093 3531 1303 3586 Antiattieistae

130 3601 260 3656 libellum
279 3600 411 3684 transisse
424 3601 588 3683 ¹suspicatus
607 3605 657 3657 est.
673 3633 706 3643 -
729 3603 762 3672 ²⁶)
782 3603 892 3658 Aelium
907 3603 1072 3686 Dionysium
1091 3605 1120 3656 et
1134 3603 1303 3658 Pausaniam

131 3663 915 3826 ireres..destitueris.ticcam
929 3673 1304 3814 discessuris

131 3815 180 3883 qui
195 3815 389 3897 Aristophanis
405 3816 561 3898 doctrinam
579 3833 635 3885 qua
649 3817 834 3888 Megaclidem
852 3816 876 3871 is
890 3817 1062 3872 refutaverat
1075 3833 1153 3872 suam
1172 3817 1303 3871 reddidit.

131 3886 308 3954 Phrynichus
326 3904 393 3943 vero
408 3887 499 3942 aerior
515 3887 565 3942 rlle
578 3887 642 3957 puri
660 3889 796 3944 sermonis
810 3888 898 3943 Attici
912 3891 1104 3958 propugnator
1118 3887 1304 3958 Megaclidem

131 3961 243 4013 secutus
266 3957 393 4013 Atticam
416 3976 476 4013 esse
501 3959 632 4026 Ἀθηναία
658 3957 776 4014 formam
795 3959 894 4014 noluit.
933 3961 981 4014 sed
1004 3961 1079 4014 idem
1102 3959 1222 4030 diligens
1241 3961 1305 4014 Aeli

131 4026 250 4095 Dionysi
268 4027 352 4082 lexici
374 4031 464 4085 lector
481 4047 537 4084 non
556 4030 652 4085 mirari
670 4049 726 4086 non
743 4032 849 4102 potuit,
873 4030 948 4100 quod
966 4030 1147 4086 Pherecrates
1170 4029 1303 4099 antiquae

133 4096 296 4154 comoediae
313 4103 398 4167 poeta
412 4102 544 4169 Ἀθηναία
562 4101 679 4158 dixerat.
708 4120 775 4157 nam
792 4119 882 4157 novae
901 4103 1062 4158 comoediae
1080 4105 1179 4172 poetas
1199 4099 1303 4172 (Phile-

132 4187 245 4224 monem
269 4169 426 4240 Diphilum)
446 4188 503 4226 non
524 4173 663 4228 tantidem
681 4173 760 4229 fecitr
783 4174 886 4242 ubique
903 4173 961 4228 fere
980 4173 1163 4228 Menandrum
1182 4172 1305 4244 castigat

131 4243 250 4367 (pirrosster
267 4241 469 4297 barbarismos:
497 4245 531 4307 et.
550 4245 609 4301 Ecl.
632 4263 659 4315 p.
681 4251 731 4300 196
754 4245 827 4316 Epit.
846 4263 874 4314 p.
894 4251 954 4300 331.
974 4251 1034 4299 363.
1059 4251 1124 4314 387,
1143 4245 1206 4299 aliis
1224 4243 1302 4301 loeis.

152 4329 167 4366 e

132 4387 170 4453 (p.
182 4390 225 4454 96,
236 4391 268 4438 12
285 4387 440 4456 ἐπιςτάτης)
460 4384 496 4438 ab
535 4383 699 4457 ristophane
712 4389 865 4459 discrepat:
880 4388 928 4458 qui
943 4405 1006 4442 cum
1020 4389 1164 4456 ἐπιςτάτης
1177 4387 1212 4441 de
1227 4387 1303 4442 omni

26 4493 27 4534 y
133 4455 331 4526 magistrorum
350 4473 452 4528 genere
472 4455 578 4512 dictum
597 4475 657 4514 esse
676 4460 815 4516 affirmare
833 4477 889 4515 non
907 4459 1035 4530 auderet,
1054 4460 1102 4515 ille
1120 4460 1278 4518 affirmavit.

209 4313 350 4368 hilemone
374 4313 408 4370 cf.
424 4313 499 4382 Epit.
539 4321 620 4373 ,355.
645 4347 678 4357 —
703 4315 739 4387 ²⁶)
758 4317 875 4372 Accedit
897 4316 973 4384 quod
996 4315 1191 4371 Antiattieista
1216 4317 1302 4370 semel
1405 4329 1407 4336 ’
