3102 5158
231 267 295 334 348
695 271 822 343 Leopold
841 271 931 330 Gohn:

231 435 367 500 οὖντὸν
386 433 458 502 οἷον
477 433 624 502 άπαίςιον
643 437 693 501 καὶ
712 437 844 517 ἔξεδρον
863 438 914 502 καὶ
933 435 1096 518 ἐπάρατον
1120 437 1301 520 ἄνθρωπον.
1334 438 1412 525 (Εὔ-

230 522 351 612 πολις)
621 617 791 696 ςυνέτυχεν
814 615 929 683 ἐξιόντι
953 638 1004 697 μοι

272 701 442 782 ἄνθρωπος
466 700 616 785 ἀποφράς
640 706 691 769 καὶ
720 707 849 786 βλέπων
872 705 1018 772 ἀπιςτίαν
1042 705 1146 793 (Mein.
1166 711 1246 774 Com.
1266 713 1297 773 ΙΙ
1317 707 1408 796 557).

230 815 280 874 Et.
299 815 360 890 Mg.
383 817 454 889 131,
476 818 516 876 19
607 813 752 878 καὶτοὺς
771 814 933 893 πονηροὺς
952 814 988 877 δὲ
1008 812 1201 895 ἀποφράδας
1221 816 1409 881 ἐπιθετικῶς

233 898 383 979 ἐκάλουν,
407 898 479 964 οἷον

444 987 615 1068 ἄνθρωπος
638 989 788 1069 ἀποφράς
811 990 862 1054 καὶ
888 992 1015 1070 βλέπων
1037 991 1191 1059 ἀπιςτίαν.
1230 1017 1232 1022 ’

319 1077 610 1157 ἐγγλωττογάςτωρ
628 1087 673 1143 est
689 1079 868 1159 βλαςφημία
883 1079 927 1144 εἰς
941 1079 1126 1161 ἀγοραίους,
1146 1106 1236 1163 quom
1252 1089 1294 1148 sio
1312 1087 1407 1148 intor-

230 1174 367 1246 pretatur
385 1169 544 1232 Suetonius
564 1191 611 1248 ap.
629 1173 712 1232 llust
735 1193 764 1249 p.
786 1175 884 1248 1471,
908 1176 928 1232 4
952 1167 1026 1255 (Μ);
1051 1170 1069 1234 ὁ
1093 1170 1158 1235 ἀπὸ
1182 1177 1238 1252 τῆς
1260 1172 1407 1251 γλώττης

230 1254 492 1334 διατρεφόμενος.
534 1260 638 1320 Itidem
665 1261 770 1320 Aelius
797 1261 959 1338 Dionysius
988 1282 1034 1339 ap.
1063 1265 1147 1324 liunt.
1176 1286 1205 1341 p.
1234 1267 1333 1342 1825,
1366 1269 1406 1325 14

231 1347 312 1408 Suid.
327 1344 658 1423 ἐγγλωττογάςτορες·
673 1345 704 1410 οἱ
718 1344 782 1410 ἀπὸ
797 1347 941 1426 γλώττης
955 1351 1083 1414 ζῶντες.
1106 1373 1159 1413 neo
1173 1355 1262 1414 aliter
1275 1354 1407 1430 Hesych.

230 1433 547 1513 ἐγγλωττογάςτορες
572 1432 602 1520 (ε
625 1459 704 1499 num.
725 1431 818 1521 290)·
842 1435 873 1499 οἱ
896 1435 961 1500 ἀπὸ
984 1441 1042 1500 τοῦ
1067 1439 1173 1514 λέγειν
1197 1439 1406 1519 βιοτεύοντες.

230 1529 320 1602 atque
343 1527 388 1586 itu
410 1547 464 1604 pro
487 1523 768 1602 γλωττογάςτορες
792 1529 981 1588 scribendum
1003 1531 1123 1590 videtur
1146 1533 1225 1608 opud
1254 1532 1405 1592 Pollucem

228 1615 259 1674 II
275 1618 336 1676 109
354 1612 404 1676 καὶ
418 1612 698 1691 γλωττογάςτορες
712 1612 799 1692 παρὰ
812 1617 881 1677 τοῖς
898 1619 1046 1693 κωμικοῖς
1065 1614 1096 1678 ol
1110 1614 1174 1680 ἀπό
1188 1621 1245 1695 τῆς
1259 1617 1404 1696 γλώττης

230 1703 382 1779 βιοῦντες.
415 1705 829 1767 ef.A1·.Av.1695.1702.
1023 1764 1026 1770 .

319 1788 538 1868 ςπερμολόγος
559 1798 590 1854 et
611 1789 830 1870 ςπερμονόμος
849 1795 981 1856 convicio
1003 1801 1073 1864 sunt
1097 1798 1230 1858 eiusdem
1253 1797 1406 1857 hominum

228 1884 347 1958 generis
364 1876 566 1964 (ἀγοραίων),
586 1903 713 1960 quorum
732 1884 878 1960 originem
896 1885 937 1944 sio
951 1889 1072 1946 onnrrut
1087 1885 1247 1946 Suetonius
1261 1906 1307 1963 ap.
1319 1888 1405 1947 Eust.

230 1992 257 2047 p.
271 1973 365 2045 1547,
380 1973 421 2031 55
443 1966 461 2030 ό
476 1969 511 2031 δέ
526 1967 651 2047 κυρίως,
671 1968 755 2048 φαςί,
776 1967 995 2047 ςπερμολόγος
1014 1970 1065 2033 καὶ
1084 1971 1303 2050 ςπερμονόμος
1319 1969 1406 2036 εἶδός

228 2057 313 2121 ἐςτιν
331 2055 448 2135 ὀρνέου
463 2057 658 2136 λωβώμενον
673 2057 712 2121 τὰ
727 2059 897 2136 ςπέρματα.
926 2058 959 2124 ἐξ
974 2057 1013 2121 οὗ
1027 2059 1058 2123 οἱ
1076 2057 1209 2124 Ἀττικοὶ
1229 2059 1404 2138 ςπερμολό-

229 2165 306 2220 γους
325 2144 464 2210 ἐκάλουν
487 2147 562 2210 τοὺς
586 2147 658 2226 περὶ
681 2145 817 2225 ἐμπόρια
840 2147 891 2211 καὶ
914 2145 1035 2226 ἀγοράς
1057 2148 1277 2229 διατρίβοντας
1296 2148 1405 2213 διὰτὸ

229 2231 438 2309 ἀναλέγεςθαι
462 2235 502 2299 τὰ
525 2235 560 2299 ἐκ
582 2239 649 2300 τῶν
673 2235 831 2315 φορτίων,
855 2235 960 2314 φαςίν,
984 2234 1188 2316 ἀπορρέοντα
1210 2239 1261 2301 καὶ
1285 2241 1406 2324 διαζῆν.

229 2322 265 2386 ἐκ
282 2323 408 2386 τούτων
427 2324 462 2386 δέ
481 2325 540 2403 τὴν
563 2323 663 2403 αὐτὴν
686 2323 870 2402 ἐλάγχανον
893 2327 1000 2403 κλῆςιν
1022 2327 1073 2389 καὶ
1097 2325 1126 2391 οἱ
1150 2327 1285 2391 οὐδενὸς
1305 2325 1406 2402 λόγου

231 2409 320 2479 ἄξιοι.
357 2416 489 2492 proxime
509 2417 545 2476 ud
569 2415 743 2476 Suetonium
762 2417 876 2477 aceedit
893 2417 991 2492 Etym.
1019 2411 1158 2500 Sorb.¹⁴⁵)
1177 2439 1224 2496 up.
1244 2418 1337 2480 (ἐποίεέ.
1356 2419 1405 2480 Et.

229 2505 289 2582 Mg.
312 2507 383 2578 723,
403 2508 445 2565 43
466 2501 697 2580 ςπερμολόγος·
717 2499 765 2565 ότι
785 2503 843 2580 μέν
861 2501 898 2565 τὸ
918 2501 1027 2580 κύριον
1046 2503 1169 2582 πτηνόν
1188 2505 1250 2569 ἐςτι
1269 2499 1405 2589 κολ(ο)ι-

229 2593 311 2654 ῶδες
338 2594 424 2674 Ζῷον
451 2590 489 2654 τὸ
518 2588 620 2669 ὄνομα
649 2591 749 2671 λαβὸν
778 2590 865 2670 παρὰ
892 2590 929 2654 τὸ
958 2591 998 2655 τὰ
1026 2592 1289 2672 καταβαλλόμενα
1311 2594 1406 2672 ςπέρ-

229 2699 312 2755 ματα
335 2678 486 2758 ἐκλέγειν,
512 2681 638 2760 [δῆλον]
663 2677 743 2758 παρ’
762 2680 781 2744 ὃ
804 2680 855 2743 καὶ
878 2679 909 2744 οἱ
932 2678 1115 2761 ςπείροντες
1138 2682 1323 2760 ἐπαμῶνται
1346 2683 1406 2760 τὴν

228 2771 289 2845 γῆν
313 2772 382 2832 τοῖς
404 2769 582 2846 ςπέρμαςιν.
620 2768 655 2832 ἐκ
674 2771 858 2848 μεταφοράς
878 2770 913 2832 δέ
933 2767 1049 2846 ἔλεγον
1066 2771 1142 2834 τοὺς
1161 2771 1234 2849 περὶ
1251 2771 1308 2834 τὰς
1328 2768 1405 2846 ἀγο-

229 2856 286 2933 ρὰς
300 2856 351 2919 καὶ
365 2857 440 2920 τοὺς
456 2857 584 2934 λιμένας
604 2856 835 2936 διατρίβοντας,
860 2856 890 2920 οἱ
916 2855 1002 2937 [οἷον
1015 2860 1050 2939 1.]
1065 2858 1106 2923 τὰ
1120 2858 1270 2923 όπωςοῦν
1285 2860 1320 2924 ἐκ
1337 2862 1405 2922 τῶν

228 2942 350 3009 ςάκκων
369 2944 564 3010 ἐκπίπτοντα
583 2944 697 3025 ὄςπρια
715 2945 817 3025 κάρυα
836 2943 965 3025 ίςχάδας
980 2947 1167 3023 ἐκλέγοντες
1182 2949 1249 3028 [·ας
1264 2950 1307 3028 l.].
1330 2949 1405 3026 περὶ

228 3037 286 3096 τοῦ
310 3032 426 3113 ὀρνέου
450 3031 669 3115 Ἀριςτοτέλης
692 3034 755 3114 ἐφη
780 3035 830 3099 καὶ
854 3034 872 3097 ό
896 3035 1038 3100 Μύνδιος
1063 3037 1134 3116 [τὸν
1157 3036 1404 3116 ςπερμόλογον].

227 3121 258 3184 oi
277 3122 312 3185 δέ
327 3121 484 3201 κολουρίς.
507 3127 638 3187 brevitor
657 3128 786 3204 Hosyoh.
807 3123 1040 3203 ςπερμολόγος·
1064 3125 1220 3204 φλύαρος.
1256 3126 1308 3190 καὶ
1327 3125 1345 3188 ό
1364 3126 1405 3189 τὰ

228 3210 389 3288 ςπέρματα
413 3211 584 3288 ςυλλέγων.
617 3213 668 3276 καὶ
686 3215 859 3276 κολοιῶδες
879 3215 974 3295 ζῷον.
1005 3217 1084 3277 idem
1107 3214 1339 3294 ςπερμονόμος·
1363 3215 1404 3278 τὰ

228 3298 316 3363 αὐτά.
327 3307 464 3364 ooourate
475 3306 596 3381 exponit
607 3306 748 3382 Harpoor.
768 3299 1001 3380 ςπερμολόγος·
1016 3304 1223 3382 Δημοςθένης
1234 3303 1314 3382 ὑπὲρ
1325 3305 1403 3382 Κτη-

228 3391 386 3467 ςιφῶντος
405 3385 509 3475 (126).
547 3391 672 3468 λέγεταί
691 3412 720 3454 τι
744 3391 855 3470 μικρὸν
874 3388 1058 3469 ὀρνιθάριον
1077 3396 1250 3457 κολοιῶδες
1268 3412 1402 3470 ςπερμο-
1439 3387 1444 3398 ’

228 3476 339 3555 λόγος,
364 3477 589 3557 ῶνομαςμένος
612 3478 656 3543 ώς
679 3478 783 3544 ἐοικεν
807 3477 872 3543 ἀπὸ
895 3483 954 3544 τοῦ
977 3480 1017 3543 τὰ
1040 3482 1202 3560 ςπέρματα
1224 3479 1402 3559 ἀναλέγειν,

228 3563 268 3629 οὗ
291 3566 481 3645 μνημονεύει
500 3565 728 3648 Ἀριςτοφάνης
748 3569 783 3632 ἐν
801 3567 942 3646 Ὄρνιςιν
962 3564 1050 3654 (232.
1072 3567 1161 3656 579).
1198 3571 1324 3646 λέγεται
1343 3569 1402 3634 οὖν

217 3651 292 3718 ’ἀπὸ
320 3655 436 3720 τούτου
461 3654 479 3718 ό
504 3655 634 3735 εὐτελὴς
662 3657 712 3721 καὶ
741 3655 1021 3736 εὐκαταφρόνητος
1049 3655 1219 3737 ἄνθρωπος
1249 3660 1299 3722 καλ
1327 3657 1402 3722 ίςως

228 3741 294 3807 ἀπό
317 3747 383 3808 τῶν
407 3742 586 3823 ἀλλοτρίων
609 3748 727 3811 διαζῶν
745 3744 972 3824 ςπερμολόγος.
1009 3753 1164 3827 praetores
1183 3751 1219 3810 of.
1239 3753 1330 3812 schol.
1348 3750 1402 3812 Ar.

230 3835 287 3896 Av.
308 3839 370 3898 579
390 3836 477 3898 Phot.
497 3856 519 3898 s.
538 3858 566 3898 ιτ.
586 3829 867 3918 ςπερμολόγος.“6)

316 3920 393 4001 βλάξ
412 3928 606 4006 vocobulum,
625 3927 704 4004 quod
721 3927 752 3986 in
773 3921 981 4004 βλαςφημίαις
1000 3922 1045 3987 εἰς
1065 3926 1190 4003 μωροὺς
1209 3925 1260 3989 καὶ
1279 3925 1401 4005 εὐήθεις

227 4016 334 4091 exstat,
353 4015 395 4074 sio
410 4017 531 4074 unumst
546 4014 704 4076 Suetonius
719 4035 766 4093 ep.
780 4017 864 4076 Eust.
879 4037 907 4092 p.
921 4017 1015 4093 1405,
1031 4018 1071 4076 32
1088 4065 1095 4078 .
1110 4062 1117 4077 .
1132 4064 1139 4079 .
1156 4013 1232 4094 βλὰξ
1253 4013 1396 4094 [βλακὸς]

227 4098 246 4161 δ
269 4100 543 4179 καταβεβλημένος
566 4098 638 4166 οἱον
661 4101 712 4164 καί
735 4103 775 4180 μὴ
800 4099 977 4178 δυνάμενος
1004 4099 1174 4180 ὀρθοῦςθαι
1197 4103 1250 4166 διὰ
1272 4100 1397 4178 τρυφὴν

301 4237 346 4306 ¹¹⁵)
365 4237 405 4293 cf.
417 4239 567 4308 supranot.
579 4243 620 4293 91.
641 4269 674 4280 -
698 4239 743 4308 ¹⁴⁶)
762 4237 898 4308 Lepidum
914 4238 1040 4294 Alexidis
1058 4240 1166 4296 dietum
1183 4239 1282 4294 narret
1296 4235 1397 4292 Athen.

227 4307 293 4363 VIII
307 4315 393 4364 3440:
413 4311 518 4365 Ἄλεξις
536 4312 561 4365 δ’
579 4311 595 4363 ό
613 4313 732 4378 ποιητής
749 4312 785 4378 ἦν
804 4310 961 4378 ὀψοφάγος,
981 4312 1049 4366 ώςό
1068 4311 1168 4379 (ἀμιός
1185 4325 1250 4377 φηςι
1266 4309 1396 4374 Λυγκεύς.

226 4383 270 4434 καλ
285 4382 478 4447 ςκωπτόμενος
491 4383 545 4436 ὑπό
559 4400 645 4436 τινων
655 4382 851 4449 ςπερμολόγων
865 4381 904 4434 είς
917 4383 1080 4450 ὀψοφαγίαν
1090 4383 1229 4450 ἐρομένων
1241 4396 1272 4433 τε
1283 4379 1397 4436 ἐκείνων

225 4451 252 4506 τί
271 4454 305 4505 ἀν
323 4455 419 4520 ἥδιςτα
438 4453 537 4522 φάγοι,
557 4455 572 4506 ό
592 4454 696 4508 Ἄλεξις
715 4453 948 4521 ’ςπερμολόγουη
967 4456 1036 4523 ἔφη,
1055 4452 1294 4520 πεφρυγμένους’.
