3102 5158
169 263 211 318 De
226 261 416 332 Aristophane
432 258 566 332 Byzantio
583 259 613 314 et
627 259 760 316 Suetonio
772 260 935 330 Tranquillo
947 260 1078 316 Eustathi
1092 263 1259 320 auctoribus.
1278 264 1344 329 303

263 431 372 491 Altera
390 432 475 506 66616
489 429 597 505 6661116
612 423 685 503 περὶ
699 423 870 503 tropario(
887 426 1018 504 ἡλικιῶν
1031 429 1248 506 Aristophanes
1268 434 1342 492 ani-

169 520 316 580 malium
333 518 581 580 661666166616116
595 519 716 578 nomina
729 519 887 579 recensuit.
911 519 992 579 6666
1007 520 1207 580 mansuetis
1223 521 1344 598 quidem

170 610 350 672 animalibus
378 608 612 684 disputationem
640 607 834 684 integriorem
858 627 948 684 quam
976 612 1075 669 cetera
1102 609 1201 684 capita
1227 611 1343 671 Aristo-

169 700 288 775 6166666
307 697 448 757 exhibent
460 696 492 755 M
510 700 542 756 61
554 696 734 757 Eustathius
753 717 781 772 p.
800 699 893 770 1625,
909 700 959 757 32.
992 697 1109 756 initium
1129 697 1339 774 disputationis

169 788 267 850 tribus
281 787 352 847 16616
367 786 510 846 tractavit
524 786 622 848 Eust:
642 805 671 862 p.
689 788 783 861 1625,
799 787 849 845 32.
871 789 944 860 877,
955 789 1006 848 49.
1029 788 1123 861 1648,
1135 789 1186 848 53.
1216 788 1343 865 singulis

170 877 343 938 animalium
356 875 517 952 generibus
530 874 562 934 in
572 875 603 934 M
618 874 799 951 praecedunt
809 876 1025 950 appellationes
1039 880 1195 951 pastorum
1204 896 1344 954 gregum·

169 986 227 1044 que
246 966 292 1026 hie
311 965 461 1026 formulis:
484 959 516 1024 οἱ
535 961 570 1024 δὲ
589 1009 596 1026 .
614 1009 621 1024 .
637 1011 644 1025 .
663 960 816 1038 νέμοιτε(
835 1009 906 1038 ...,
924 961 962 1025 τὸ
987 962 1022 1024 δὲ
1042 963 1165 1041 πλῆθος
1257 967 1343 1027 11661.

168 1077 196 1132 p.
214 1058 308 1129 1625,
324 1056 364 1114 32
382 1053 518 1114 66666116
537 1072 587 1114 666
602 1053 712 1126 omisit,
727 1072 829 1113 omnes
843 1072 915 1114 6666
934 1054 1024 1118 simul
1038 1053 1189 1131 congessit
1202 1075 1229 1130 p.
1248 1058 1341 1128 1648,

169 1146 220 1206 53.
250 1143 341 1203 166116
357 1143 484 1220 6661666
497 1143 562 1203 1666
578 1134 620 1221 (p.
636 1145 709 1216 877,
725 1133 783 1222 49)
797 1143 926 1204 66611166
939 1143 1053 1204 fontem
1068 1144 1224 1220 expressit,
1244 1143 1343 1220 dispu-

169 1231 278 1295 tationi
302 1234 338 1292 66
357 1231 442 1307 μῆλα
461 1234 492 1290 61
515 1229 644 1307 μηλωτή
663 1231 876 1291 vocabulorum
900 1250 957 1290 666
974 1233 1148 1308 praemissis
1172 1233 1342 1294 nominibus

155 1323 301 1400 ¹pastoris
319 1321 480 1398 gregisque
499 1321 613 1399 crium3
632 1320 738 1396 incipit
756 1324 858 1380 autem
875 1339 895 1380 a
912 1322 1047 1398 generali
1066 1321 1276 1386 observatione
1295 1319 1342 1383 αἰ·

169 1406 283 1472 πόλων
302 1406 353 1471 καὶ
373 1408 524 1486 ιυβωτῶν
547 1406 682 1470 καὶτῶν
702 1402 812 1470 ἄλλων
834 1405 967 1483 γένοιὸ
990 1406 1114 1486 νομεύς.
1152 1429 1228 1488 quae
1252 1414 1356 1473 verba

171 1501 242 1578 quid
262 1500 320 1560 sibi
338 1499 447 1573 velint,
474 1499 614 1575 ignorare
637 1499 757 1559 videtur
779 1499 948 1560 Fresenius.
985 1500 1037 1577 661
1060 1519 1127 1560 cum
1151 1499 1187 1560 de
1209 1500 1342 1576 priorum

168 1592 301 1658 locorum
326 1582 368 1666 (p.
390 1580 606 1668 resartae)
629 1588 745 1648 6611666
768 1590 850 1648 66616
872 1589 1086 1665 disputaverit,
1109 1590 1145 1648 de
1168 1589 1269 1651 verbis
1293 1591 1342 1650 66-

169 1679 288 1755 scriptis
312 1679 355 1738 616
377 1677 490 1738 iudicat
513 1670 556 1755 (p.
576 1669 647 1758 61):
681 1671 847 1753 ‘peculiare
870 1681 971 1738 eutem
994 1677 1206 1754 disputationis
1228 1679 1344 1738 Aristo·

168 1769 303 1845 phareae
327 1769 495 1828 membrum
520 1767 592 1826 haec
617 1767 709 1827 verba
735 1767 809 1826 mihi
837 1785 902 1828 esse
929 1760 1090 1829 videntur'.
1126 1767 1157 1825 16
1180 1768 1343 1844 appendice

168 1876 239 1926 6666
260 1856 426 1918 hisverbis
450 1875 517 1932 eum
542 1856 641 1916 locum
664 1855 771 1915 tribuit
791 1849 876 1938 (44),
900 1859 935 1916 61
953 1852 1070 1931 νομεύ(
1093 1875 1202 1917 nemen
1223 1857 1282 1916 nisi
1306 1858 1342 1917 66

170 1948 271 2007 ovium
284 1949 404 2022 pastore
418 1964 477 2009 666
492 1945 550 2005 6161
564 1945 676 2004 666666.
699 1945 817 2006 initium
832 1945 925 2006 totius
939 1945 1151 2022 disputationis
1164 1945 1227 2010 illis
1242 1946 1341 2007 verbis

169 2034 332 2112 significari
358 2035 551 2095 manifestum
579 2037 638 2094 est:
667 2030 784 2108 νομεύ(
814 2035 917 2112 glossa
943 2038 1013 2094 6616
1040 2054 1120 2094 num.
1145 2037 1186 2095 33
1215 2036 1343 2111 append.

168 2125 289 2186 Fresen.
309 2123 530 2200 transponenda
544 2125 599 2184 est.
631 2123 774 2183 Eustathi
792 2125 885 2184 rerba
902 2119 943 2183 τὰ
955 2123 1014 2183 rori
1029 2123 1246 2199 γραμματικοῦ
1260 2119 1342 2199 Ἀμι-

168 2208 350 2290 6τοφάνουι
370 2207 488 2288 ἔχοντα
503 2207 588 2273 οὕτω
608 2228 686 2272 παι(
704 2213 838 2272 indicant
856 2232 914 2274 666
933 2213 1075 2274 contrua
1092 2213 1192 2273 omnia
1206 2213 1342 2287 describi,

168 2304 222 2364 sed
245 2305 324 2365 16166
347 2298 463 2377 νομεύς
485 2303 618 2379 glossam
642 2305 673 2362 et
695 2302 787 2362 verba
806 2297 891 2363 οὕτω
914 2298 949 2361 bt
973 2298 1024 2362 καὶ
1042 2298 1206 2377 ποιμένων
1230 2303 1344 2378 6116616

168 2393 268 2452 omitti
288 2383 409 2473 (nempe
427 2391 662 2468 disputationem
685 2391 722 2450 de
740 2383 862 2472 capris).
900 2391 1032 2467 excerpti
1050 2391 1082 2450 M
1107 2411 1226 2468 quoque
1249 2392 1342 2452 rerba

169 2477 307 2542 αἰπόλοι
326 2479 384 2554 μὲν
403 2476 502 2541 ὁτῶν
521 2475 622 2553 αἰγῶν
637 2475 753 2553 νομεύς
771 2480 950 2554 6666161666
969 2475 1085 2556 νομεύς
1102 2481 1134 2539 16
1153 2479 1238 2540 initio
1253 2481 1342 2540 exsti-

84 2577 88 2584 '
169 2573 243 2632 11666
268 2572 483 2632 demonstrant.
520 2589 590 2628 nam
612 2569 644 2628 in
667 2570 775 2630 ceteris
798 2570 958 2646 generibus
987 2572 1159 2630 constanter
1182 2568 1290 2633 codicis
1309 2570 1341 2628 M

168 2659 309 2720 librarius
337 2660 393 2718 hac
412 2659 541 2720 formula
559 2659 669 2718 utitur:
698 2653 729 2717 oi
752 2655 787 2718 δὲ
807 2656 1037 2733 ...νέμοντες
1078 2657 1172 2718 66616
1196 2652 1341 2718 αἰπόλων

167 2747 218 2809 καὶ
244 2747 395 2825 ευβωτῶν
418 2744 470 2808 καὶ
494 2747 560 2808 τῶν
584 2741 694 2808 ἄλλων
716 2744 811 2820 γένος
835 2743 854 2806 ὁ
877 2743 994 2823 νομεύι
1017 2747 1070 2807 1116
1093 2747 1206 2820 omisit,
1233 2766 1341 2806 nomen

166 2858 237 2899 6666
255 2833 372 2913 νομεύς
396 2857 463 2897 cum
483 2837 677 2914 sequentibus
696 2836 861 2898 coniunxit:
885 2833 1021 2898 αἰπόλοι
1040 2833 1097 2912 μὲν
1117 2832 1135 2895 ὁ
1155 2834 1221 2897 τῶν
1240 2831 1341 2910 αἰγῶν

167 2944 291 3002 νομευι.
423 2975 426 2978 .

258 3017 403 3078 Consulto
426 3017 512 3076 Euat.
539 3037 568 3092 p.
594 3017 679 3075 1625
710 3015 809 3076 omnia
836 3014 1039 3091 praetermisit
1067 3032 1144 3091 6666
1169 3035 1198 3090 p.
1223 3017 1286 3075 877
1311 3017 1342 3074 61

165 3128 195 3183 p.
208 3108 292 3167 1648
313 3106 387 3165 66116
407 3105 710 3166 66666616166616611.
743 3125 771 3181 p.
788 3106 873 3165 1648
893 3111 1013 3180 6666166
1031 3106 1185 3180 pastorum
1200 3122 1340 3181 gregum-

166 3215 224 3272 que
247 3196 369 3256 nomina
392 3195 554 3254 6116111666
578 3194 712 3267 exhibet,
736 3194 807 3270 quin
830 3215 859 3270 p.
879 3196 942 3254 877
966 3195 1099 3270 legatur:
1123 3196 1213 3270 atque
1237 3193 1340 3254 eadem

167 3285 300 3344 breviter
314 3285 439 3343 tertium
454 3284 577 3360 repetiit
594 3280 622 3359 p.
640 3284 734 3357 1828,
750 3284 801 3343 56.
834 3282 940 3343 Nauck
955 3301 1005 3343 666
1019 3283 1100 3342 16666
1114 3301 1174 3342 666
1187 3287 1343 3359 receperat

167 3375 198 3433 in
217 3375 388 3450 fragmenta
406 3372 514 3448 capitis
533 3369 605 3446 περὶ
624 3366 795 3446 ὀνομαιίαε
809 3368 940 3446 ἡλικιῶν
960 3364 1000 3452 (v.
1015 3371 1121 3431 Nauck
1135 3392 1164 3447 p.
1180 3363 1269 3451 197),
1288 3391 1341 3431 666

167 3464 267 3538 661611
285 3462 430 3537 66616666,
451 3461 589 3538 quoniam
607 3461 683 3521 nihil
706 3461 737 3520 in
762 3461 804 3520 eis
827 3460 979 3521 invenitur
1004 3461 1083 3537 quod
1106 3459 1143 3518 ad
1167 3459 1341 3520 animalium

165 3548 288 3627 ἡλικίαι
302 3551 453 3628 pertinere
467 3551 613 3634 videatur.
638 3549 781 3610 exhibent
795 3548 875 3609 enim
888 3552 1007 3628 praeter
1021 3549 1228 3610 collectionem
1241 3553 1340 3625 pasto-

166 3662 234 3701 rum
256 3660 444 3718 gregumque
466 3637 621 3701 nominum
644 3641 761 3700 doctam
784 3639 821 3698 66
844 3637 972 3715 μηλωτή
997 3633 1065 3716 οἰέη
1089 3637 1173 3714 μῆλα
1195 3633 1341 3715 πρόβατα

166 3731 380 3790 vocabulorum
404 3748 461 3790 666
489 3729 731 3806 disputationem.
780 3729 971 3804 depromptos
1001 3746 1066 3788 esse
1093 3729 1215 3788 loccse
1243 3729 1341 3804 capite

167 3815 239 3893 περὶ
258 3814 429 3893 deoperte(
448 3816 579 3893 ἡλικιῶν
599 3819 743 3894 reliquiae
762 3817 918 3877 66666116
936 3817 968 3876 Μ
988 3819 1133 3878 66666166.

255 3909 421 3968 1166666666
440 3909 477 3968 66
496 3906 581 3983 μῆλα
599 3911 630 3966 61
649 3901 795 3982 πρόβατα
812 3906 967 3967 vocabulis
986 3906 1138 3984 excipiunt
1156 3905 1187 3965 in
1202 3906 1232 3964 M
1252 3927 1340 3984 equo-

165 4017 233 4056 rum
252 3999 406 4072 pastorum
421 4017 609 4076 gregumque
628 3996 758 4070 nomina,
777 3995 928 4056 adduntur
943 3995 1031 4056 etiam
1048 3995 1192 4074 aquilium
1211 3997 1341 4075 appella-

168 4087 263 4147 tiones
278 4080 479 4162 ἰπτιοφόμβια
490 4082 634 4162 μάνδμαι,
648 4082 779 4161 ἡλικιῶν
793 4103 864 4145 6666
875 4104 1018 4161 equorum
1029 4085 1149 4146 nomina
1159 4084 1339 4146 exciderunt.

166 4177 246 4252 apud
261 4174 455 4235 Eustatbium
470 4177 506 4234 66
524 4177 607 4254 66616
626 4175 702 4235 611611
714 4173 882 4234 invenimus
902 4166 975 4254 (nisi
994 4174 1074 4251 quod
1092 4195 1120 4250 p.
1138 4176 1222 4233 1648
1241 4179 1340 4250 pasto-

166 4286 232 4325 rum
248 4263 368 4324 nomine
381 4258 556 4338 1ππονόμοι
567 4259 784 4325 61ἱπτιοπόλοι
797 4258 1024 4346 memorantur).
1051 4264 1187 4322 lacunam
1198 4265 1339 4340 supplen-

167 4353 235 4414 dam
255 4353 321 4416 6666
345 4353 458 4416 6661616
482 4353 591 4431 glossis
615 4348 848 4427 terroresque
871 4355 902 4412 61
927 4346 1046 4428 ἄβολοε
1069 4347 1181 4427 ἵπποι,
1205 4354 1340 4434 666616

168 4447 308 4521 excerpto
332 4445 364 4504 M
390 4463 450 4510 non
474 4447 753 4504 commemorantur.
796 4438 1029 4517 λειπογνῶμων
1055 4443 1188 4520 glossam
1216 4443 1339 4521 egregie
