3102 5158
237 275 302 341 334
707 271 833 344 Leopold
852 272 940 330 Cohn:

237 441 289 506 καὶ
307 438 540 519 ἀρρενόπαιδεε
559 437 716 514 λέγονται.
754 435 984 516 ἀρρενόπαιδετ
1003 444 1177 517 corruptum
1197 445 1244 502 est
1263 461 1299 501 ex
1318 435 1414 517 ἀρρε-

238 528 396 594 νωπάδεε.
440 531 599 593 Suetonius
626 535 726 592 entem
750 531 872 608 scripsit
898 525 1091 605 ἀρρενῶπαι.
1132 531 1233 605 itaquo
1262 531 1319 591 hoc
1346 532 1414 591 loco

238 624 323 684 Eust.
358 642 418 682 non
445 620 619 680 Suetonium
648 621 701 680 sed
733 621 849 680 lexicon
875 621 1057 680 rhetoricum
1088 619 1119 678 ni
1150 619 1241 680 fallor
1273 621 1413 696 inspexit.

238 711 407 788 Hesychius
427 712 508 769 certe
522 712 551 768 et
570 711 627 769 lex.
642 709 736 771 Bere.
756 710 883 770 formem
898 703 1087 783 ἀρρενωπόι(
1107 708 1263 768 exhibent:
1282 709 1413 785 Hesych.

239 793 479 876 ἀρρενωπάδεε·
507 791 709 872 ἀνδρόγυνοι.
753 799 810 859 lex.
834 798 928 859 Bekk.
952 800 1031 871 466,
1057 800 1097 856 24
1126 791 1335 872 ἀρρενωποὺτ
1361 795 1414 857 καὶ

239 883 470 965 ἀρρενωπάδαε
484 882 541 947 τὰ(
552 887 705 959 γυναῖκαε
721 884 809 963 [τοὺε
819 882 993 962 eberhart]
1009 885 1165 947 καλοῦειν.
1191 887 1297 948 Nauck
1307 909 1336 964 p.
1349 890 1412 948 166

239 999 268 1039 n.
287 981 306 1039 6
331 977 411 1054 apud
434 978 519 1036 Eust.
542 997 570 1053 p.
592 979 692 1053 1490,
713 979 753 1036 23
782 970 966 1050 ἀρρενῶπαι
996 972 1031 1035 δὲ
1059 974 1220 1052 legendum
1243 978 1414 1053 proposuit:

239 1087 337 1144 neque
352 1068 431 1126 enirn
445 1059 672 1140 ἀρρενωπάδεε
686 1068 791 1141 utpote
810 1065 985 1125 femininum
1003 1065 1077 1124 ferri
1095 1083 1191 1140 posse.
1224 1067 1257 1124 et
1275 1067 1301 1124 si
1322 1060 1416 1140 ἀρρε·

241 1150 352 1217 vorce
375 1154 530 1215 feminium
544 1157 632 1231 esset,
651 1154 820 1231 Hesychius
839 1172 898 1213 non
912 1152 1042 1212 debebat
1056 1148 1250 1228 ἀνδρόγυνοι
1268 1155 1414 1230 interpre-

240 1246 313 1323 teri3
328 1237 1035 1317 ολ1οιι.Βο1(11.ἀρρενωπούεοὸάρρενιυπάδα(
1050 1242 1129 1301 idern
1139 1243 1309 1318 significare
1319 1244 1415 1305 docet.
1534 1223 1535 1258 ³

332 1327 463 1406 Κόλλοψ
481 1331 757 1393 κολλοποδιῶλται
771 1325 966 1406 ἐκδρομάδεε
984 1333 1101 1408 glossas
1120 1350 1181 1391 une
1200 1333 1315 1408 profert
1327 1333 1415 1392 Eust.

241 1445 269 1500 p.
291 1425 389 1498 1915,
411 1425 465 1497 14;
497 1421 585 1482 sicuti
608 1443 635 1498 p.
656 1425 730 1499 971,
751 1424 791 1481 39
821 1421 941 1497 longius
965 1423 1137 1496 excerptum
1160 1421 1416 1498 Aristophaneum
1534 1441 1535 1466 1

241 1532 309 1574 cum
332 1512 457 1572 Suetoni
485 1510 522 1570 de
545 1509 766 1586 τηθαλλοιδοῦτ
794 1511 938 1571 vocabulo
965 1510 1066 1570 verbis
1091 1510 1269 1586 quibusdem
1296 1511 1417 1570 miscuit

241 1595 284 1685 (v.
299 1621 363 1677 sup.
378 1620 407 1676 p.
418 1595 506 1676 317),
525 1600 568 1659 ite
581 1600 637 1660 hoc
650 1601 715 1659 loco
732 1602 870 1676 excerpto
886 1598 1067 1659 Suetonieno
1082 1600 1285 1676 fragmentum
1300 1600 1418 1660 Aristo-

242 1692 392 1767 pheneum
411 1689 588 1750 immiscuit:
608 1709 636 1764 p.
658 1689 753 1765 1915,
774 1693 791 1750 7
812 1683 938 1762 κόλλοψ
957 1688 1087 1764 primum
1105 1688 1241 1748 illustret
1260 1709 1276 1748 e
1295 1689 1416 1748 scholiis

242 1778 408 1842 Homericis
424 1771 464 1858 (φ
483 1771 573 1858 407),
592 1797 609 1836 e
628 1777 794 1838 Pausaniae
813 1777 986 1837 etvelterius
1006 1777 1160 1836 cuiusdam
1178 1778 1290 1851 lexicis,
1310 1777 1417 1837 deinde
1535 1797 1536 1832 3

242 1889 271 1944 p.
285 1869 432 1945 1915,14
452 1867 490 1926 ed
510 1865 686 1926 Suetonium
704 1867 815 1926 transit
832 1866 933 1927 verbis
949 1859 1042 1926 ἄλλοι
1060 1862 1096 1925 δὲ
1116 1859 1294 1941 γράφουειν
1313 1861 1418 1927 οὕτω(

243 1949 294 2037 (cf.
318 1955 440 2018 Fresen.
464 1976 492 2031 p.
514 1948 584 2037 70);
612 1974 647 2014 ex
672 1955 776 2015 eodem
804 1955 867 2014 sine
895 1954 986 2014 dubio
1016 1955 1173 2030 descripsit
1199 1956 1292 2014 verbe
1318 1949 1363 2036 (in
1386 1957 1418 2014 M

244 2037 369 2124 emisse)
388 2040 438 2104 καὶ
452 2041 729 2105 κολλοποδιῶκται
748 2039 778 2104 οἱ
793 2037 897 2118 ἄγριοι
911 2040 983 2117 περὶ
998 2039 1037 2103 τὰ
1051 2042 1191 2105 τοιαῦτα.
1222 2048 1288 2103 tum
1304 2045 1420 2104 Aristo-

242 2136 373 2212 phanem
391 2134 496 2193 laudat
515 2129 551 2194 έν
569 2131 605 2193 δὲ
624 2133 693 2195 coit
707 2133 765 2194 τοῦ
784 2133 1000 2208 γραμματικοῦ
1014 2127 1264 2208 Ἀριετοφάνουε
1283 2129 1417 2209 φέρεται
1536 2199 1537 2204 .

243 2223 356 2284 ταῦτα·
381 2218 526 2283 κόλλοπα
553 2222 618 2282 κτλ.
648 2215 740 2302 (quae
767 2222 806 2283 ed
837 2225 927 2298 ceput
954 2218 1027 2296 περὶ
1049 2221 1115 2283 τῶν
1144 2217 1419 2297 ὑποπτευομένων

243 2304 426 2392 pertinent)3
450 2311 562 2370 Eubuli
581 2330 685 2372 versus
704 2312 743 2370 ab
761 2311 966 2386 Aristophane
981 2311 1121 2371 laudatus
1142 2311 1253 2372 desinit
1271 2313 1303 2370 in
1325 2312 1420 2371 verbe

245 2397 295 2462 ‘tc
314 2398 389 2462 τοὺ(
408 2393 570 2460 κόλλοπας
588 2397 669 2460 τοῦτ’
683 2393 905 2473 έκδρομάδαε’;
929 2400 990 2458 iem
1008 2398 1147 2476 adiungit
1165 2401 1250 2460 Euat.
1268 2400 1348 2461 vocis
1368 2397 1418 2460 ἐκ·

246 2485 406 2565 δρομάδηε
428 2490 708 2565 interpretationem
731 2485 824 2562 οἵπερ
851 2483 927 2550 etde
950 2483 995 2564 οἱ,
1018 2482 1063 2547 ὡ(
1082 2484 1210 2563 ἐρρέθη,
1233 2483 1417 2549 ἀκολατταί-

245 2595 358 2641 νοντε(
372 2574 547 2653 ὑπέρακμα,
567 2574 736 2653 λεγόμενοι
750 2572 945 2652 έκδρομάδεε
961 2572 1005 2637 bc
1020 2574 1341 2653 παραδεδραμηκότεε
1360 2576 1420 2653 τὴν
1537 2576 1538 2580 ’

245 2665 336 2744 ὥραν
349 2664 401 2728 καὶ
415 2661 575 2729 ἀνάπαλιν
589 2662 682 2728 όντεε
696 2667 765 2727 mic
780 2666 912 2741 πρῶτον
926 2662 1110 2742 ὸπηνήταιε,
1129 2687 1219 2743 quem
1233 2687 1286 2728 nec
1300 2668 1418 2727 Aristo-

246 2758 352 2835 phanis
374 2776 429 2816 nec
452 2757 595 2817 Eustethi
615 2749 734 2837 (Nauck
752 2777 780 2832 p.
797 2759 860 2816 170
878 2775 907 2817 n.
928 2749 962 2836 5)
987 2756 1040 2816 sod
1058 2756 1182 2818 Suetoni
1201 2776 1266 2819 esse
1289 2757 1421 2817 testatur

249 2848 294 2906 M:
313 2839 511 2920 έκδρομάδη(
531 2840 700 2924 [έκδρομάε
718 2843 766 2922 l.]·
786 2839 805 2904 δ
824 2841 1118 2919 παραδεδραμηκὼε
1136 2844 1194 2920 τὴν
1213 2841 1312 2920 ὥραν.

337 2930 550 3010 Βροτολοιγόε
578 2936 711 3011 glossam
739 2935 782 2994 sic
808 2935 1024 3011 interpretetur
1051 2935 1136 2994 Euat.
1160 2956 1187 3011 p.
1208 2935 1288 3008 518,
1307 2938 1346 2996 41
1368 2931 1421 2994 καὶ

247 3019 296 3085 ὅτι
318 3020 524 3100 βροτολοιγὸς
542 3018 729 3097 κοινότερον
749 3018 806 3097 μὲν
826 3017 845 3082 δ
865 3017 1080 3098 ἀνδροφόνοι.
1118 3019 1264 3101 [δύναται
1284 3021 1319 3086 δέ
1339 3040 1419 3084 ποτε

248 3113 429 3188 τκιιιφθῆναι
449 3111 595 3173 τοιοῦτο(
618 3108 669 3171 καὶ
689 3107 708 3172 ὸ
731 3106 867 3184 ἄτεχνοι
891 3106 1022 3190 ἰατρός)
1059 3105 1078 3170 ὁ
1103 3109 1138 3171 δὲ
1163 3107 1310 3188 κωμικός,
1334 3129 1419 3189 φαει,

249 3196 459 3279 βροτολοιγὸν
497 3195 583 3260 ἰδίω(
614 3217 677 3261 που
714 3194 778 3276 ἔφη
814 3197 872 3261 τὸν
904 3197 956 3260 καὶ
986 3196 1210 3274 αἰεχρολοιχὸν
1242 3197 1420 3277 λεγόμενον

249 3287 343 3368 [κατὰ
360 3284 537 3363 ἀναλογίαν
554 3289 614 3350 τοῦ
638 3284 868 3367 ματιολοιχοῡ],
887 3285 939 3349 διὰ
961 3286 999 3349 τὸ
1022 3287 1098 3350 τοδε
1120 3286 1287 3351 τοιούτου(
1306 3307 1419 3365 παραι-

246 3375 335 3442 tione
362 3375 501 3452 γίνειθαι
529 3379 588 3440 τοῦ
621 3377 660 3454 μὴ
689 3374 776 3440 κύειν
803 3379 957 3451 γυναῖκα(
990 3375 1054 3457 [καὶ
1083 3375 1186 3439 οὕτωε
1215 3374 1269 3439 ἐπ’
1295 3375 1419 3460 ὀλέθρῳ

250 3468 374 3547 βροτῶν
403 3463 507 3545 εἶναι)
553 3470 584 3527 Μ
611 3467 744 3529 breviter
772 3468 898 3544 explicat
929 3464 1148 3544 βροτολοιγόε·
1176 3463 1276 3529 οἱονεὶ
1309 3469 1419 3545 βροτο-

248 3553 380 3635 osteor.
418 3558 539 3618 Lobeck
558 3551 685 3639 (Pbryn.
704 3577 733 3633 p.
752 3550 831 3637 573)
861 3551 1030 3618 Ὃοιιιὶοοτιι
1056 3553 1266 3633 βροτολοιχόν
1290 3551 1421 3638 (fellato-

249 3639 327 3728 rem)
349 3649 385 3705 ut
407 3646 544 3722 intellegi
566 3647 696 3707 voluisse
724 3646 768 3706 ite
792 3640 962 3723 scripsisse'
987 3646 1122 3707 credidit.
1162 3663 1252 3722 quam
1275 3649 1422 3708 coniectu-

248 3755 314 3795 ram
333 3735 492 3794 Fresenius
513 3727 555 3815 (p.
578 3738 639 3795 134
659 3755 687 3796 ιι.
708 3728 765 3817 13)
789 3737 917 3811 probare
939 3736 1037 3795 noluit
1060 3739 1091 3796 et
1109 3735 1285 3794 Suetonium
1310 3736 1420 3812 βροτο-

250 3818 360 3895 λοιγόε
379 3823 533 3898 scripsisse
553 3824 610 3883 sibi
629 3825 787 3899 persuasit,
806 3825 884 3900 quod
905 3819 1010 3884 ‘verbe
1027 3824 1228 3883 Eustethiene
1246 3821 1297 3884 καὶ
1316 3821 1419 3885 οὕτω(

250 3905 306 3974 ἐπ’
325 3906 449 3990 ὀλέθρῳ
471 3911 595 3987 βροτῶν
612 3906 692 3973 εἶναι
710 3914 893 3989 respondent
911 3913 1042 3989 excerpti
1060 3914 1091 3971 M
1110 3915 1210 3974 verbis
1229 3909 1329 3975 οἱονεὶ
1349 3914 1418 3988 βρο-

250 3993 432 4077 τοφθόροε’.
478 4004 586 4061 neuter
616 4001 735 4063 videtur
761 4002 964 4079 perspexisse,
992 4002 1063 4076 quid
1090 4003 1182 4062 verbo
1216 3994 1419 4080 βροτολοιγόε

251 4089 419 4168 significare
432 4090 562 4150 voluerit
577 4088 721 4164 Comicus,
736 4091 807 4166 quid
822 4091 1070 4166 interpretatione
1086 4088 1307 4168 βροτοφθόροτ
1317 4087 1420 4147 Sueto-

250 4182 327 4242 nius.
359 4181 425 4240 iurc
439 4179 558 4240 Lobeck
577 4180 609 4237 in
629 4175 837 4255 βροτολοιγόε
856 4180 992 4256 offendit3
1012 4199 1109 4257 noque
1128 4182 1206 4240 enim
1223 4177 1421 4257 perspicuum,

251 4269 398 4347 quomodo
417 4269 443 4328 is
459 4269 509 4346 qui
523 4269 657 4328 homines
676 4268 851 4346 pessumdet
864 4268 943 4327 idem
959 4269 999 4328 sit
1013 4271 1092 4345 quod
1107 4259 1336 4344 αἰεχρολοιχόε.
1369 4269 1421 4326 sed

252 4359 330 4437 quod
353 4358 405 4417 ille
431 4358 555 4420 coniecit
579 4352 787 4433 βροτολοιχόε
811 4357 882 4434 quid
911 4356 1071 4436 significet,
1105 4377 1160 4436 ego
1188 4375 1246 4415 non
1269 4354 1423 4432 intellego.

254 4443 460 4527 βροτολοιγὸς
488 4452 602 4510 rectum
632 4449 689 4524 est,
720 4446 807 4512 modo
836 4447 915 4510 iuste
943 4447 1115 4528 explicetur.
1155 4443 1321 4508 videbimus
1344 4445 1423 4508 infra
