3102 5158
238 263 304 327 308
374 290 377 296 ¹
711 265 836 335 Leopold
855 266 946 321 Cohn:

238 435 318 493 disse
336 436 488 493 testantur
506 432 587 498 Scio.
607 453 631 494 s,
647 454 676 494 v.
695 426 797 507 ἀμνόν
816 433 901 494 Euat.
919 455 948 510 p.
970 437 1134 510 1627,12;
1153 429 1270 510 Ἴςτρος
1288 433 1325 497 ἐν
1343 438 1414 498 ταῖς
1534 418 1537 431 ¹

1538 511 1544 643 l

237 515 390 583 Ἀττικαῖς
406 516 570 603 (λέξεςιν)·
590 516 680 598 ἄρνα,
700 517 768 584 εἶτα
782 517 893 598 ἀμνόν,
908 517 978 584 εἶτα
994 518 1131 599 ἀρνειὸν,
1146 519 1215 584 εἶτα
1234 523 1412 598 λειπογνώ-

238 627 328 687 μονα.
366 607 497 686 μοςχίον
516 608 552 672 δὲ
571 607 629 673 τὸν
648 603 835 693 rpoream>
996 664 1001 672 .

326 700 439 760 Verum
462 700 562 777 priore
585 702 648 762 loco
661 693 703 783 (λ
723 694 802 780 249)
824 700 932 761 Pollux
955 705 1040 787 totus
1060 704 1125 762 fere
1148 704 1186 763 ab
1209 704 1413 782 Aristophane

236 790 382 866 Bpuantio
397 791 516 866 pendet,
535 790 562 850 si
574 809 670 866 pauca
684 807 850 868 synonyma
863 791 1016 853 exemeris.
1048 792 1133 852 nulla
1150 793 1214 852 fere
1233 793 1413 869 observatis,

236 879 353 938 nullum
371 879 435 938 lere
453 881 592 955 verbum,
618 880 697 956 quod
719 897 779 938 non
802 879 937 960 invenias
957 881 1035 956 apud
1054 881 1296 958 Aristophanem.
1333 883 1413 959 quod

238 970 339 1028 autem
357 968 570 1045 gravissimum
589 972 643 1042 cst,
662 969 753 1028 etiam
769 987 900 1029 errorem
913 968 1020 1028 Pollux
1034 971 1193 1046 descripsit
1206 991 1296 1048 quem
1309 992 1411 1049 gram-

236 1056 364 1118 maticus
388 1057 608 1118 Alexandrinus
628 1058 785 1118 commisit
820 1058 927 1118 ubido
946 1058 1043 1135 capris
1067 1059 1214 1164 disputat
1237 1060 1411 1122 Homericos

235 1165 339 1207 versus
359 1165 369 1206 ι
389 1149 462 1206 221.
484 1149 547 1208 222
568 1147 610 1207 sic
628 1147 794 1222 interprete
793 1149 858 1206 tur:
887 1141 906 1207 ὁ
931 1144 967 1206 δὲ
986 1145 1119 1232 ποιητὴς
1138 1145 1174 1209 ἑν
1192 1142 1354 1229 Οδιιςςείᾳ
1373 1147 1413 1212 τὰ

237 1233 346 1296 τέλεια
365 1232 423 1310 μὲν
437 1230 620 1309 προγόνους
640 1233 739 1310 καλεῖ,
757 1231 797 1296 τὰ
816 1231 850 1296 δὲ
871 1231 949 1309 μετὰ
962 1236 1063 1297 ταῦτα
1081 1232 1243 1314 μετάςςας,
1260 1235 1300 1298 τά
1315 1235 1383 1299 δἐ”
1365 1257 1412 1301 ετι

235 1319 379 1399 νεώτερα
394 1321 494 1399 ἕρςας.
518 1326 551 1384 at
565 1328 655 1401 poeta
667 1344 726 1385 non
735 1344 893 1401 caprarum
906 1329 1021 1386 aetates
1032 1326 1169 1387 distinxit
1182 1328 1233 1386 sed
1248 1329 1411 1389 haedorum

235 1407 358 1494 (ἀρνῶν
377 1407 432 1488 ἠδ’
450 1407 596 1516 ἐρίφων).
633 1417 714 1474 recte
736 1415 955 1490 interpretetur
977 1415 1076 1490 Apoll.
1095 1417 1150 1476 lex.
1172 1418 1244 1498 135,
1265 1420 1307 1477 10
1331 1413 1409 1495 πρὸ·

233 1517 339 1574 γονοι·
359 1496 563 1577 πρωτόγονοι
582 1496 685 1578 ἄρνες.
723 1498 755 1562 αἱ
777 1500 812 1563 δέ
827 1499 906 1578 μετὰ
924 1503 1025 1564 ταῦτα
1043 1495 1241 1578 γεννώμεναι
1265 1503 1410 1580 μέταςςαι

235 1588 393 1664 λέγονται.
437 1588 524 1666 έρςαι
549 1589 584 1652 δὲ
608 1587 641 1651 ut
664 1587 785 1652 ἁπαλαί
810 1586 875 1670 [καὶ
901 1587 933 1652 ut
956 1588 1061 1672 ἐντῷ
1085 1587 1154 1667 έαρι
1177 1593 1410 1673 γεγενημέναι].

234 1681 270 1741 cf.
290 1681 337 1740 Et
356 1683 416 1756 Mg.
437 1684 510 1758 377,
526 1678 597 1741 37‘
588 1677 687 1756 έρςαι·
707 1679 793 1757 ...ἢ
814 1677 845 1740 αἱ
864 1675 985 1741 ἁπαλαί
999 1678 1050 1742 καὶ
1068 1679 1198 1743 τελείως
1218 1681 1295 1758 νέαι,
1316 1701 1409 1759 μετα-

234 1769 385 1844 φορικῶς,
400 1765 444 1830 ὡς
463 1763 717 1848 Ἀριςτὸνικος
735 1767 773 1833 έν
787 1765 932 1846 ςημείοις.
959 1771 1061 1848 itaque
1075 1771 1139 1830 iure
1155 1772 1261 1833 Nauck
1276 1766 1319 1854 (p.
1331 1769 1410 1856 105)

233 1859 391 1921 iudicavit:
411 1853 448 1918 ‘si
463 1878 532 1920 vere
546 1860 763 1935 Aristophanes
783 1860 903 1936 scripsit
921 1861 1000 1937 quod
1019 1860 1174 1937 scripsisse
1193 1864 1231 1923 ab
1250 1863 1409 1924 Eustathio

233 1947 372 2024 traditur,
393 1949 566 2025 fugacitatis
585 1949 673 2025 culpa
691 1967 750 2009 nou
769 1948 941 2010 eximendus
961 1942 1034 2008 est'.
1064 1969 1195 2010 errorem
1212 1970 1273 2011 non
1291 1951 1329 2010 ab
1349 1953 1408 2011 Eu·

234 2037 344 2097 stathio
369 2037 422 2098 scd
447 2039 486 2097 ab
509 2037 712 2114 Aristophane
734 2038 881 2114 prodiisse
904 2038 935 2098 M
958 2038 1052 2099 docet
1088 2039 1195 2100 Pollux
1223 2032 1287 2120 (vel
1309 2041 1408 2117 potius

233 2128 297 2186 eius
322 2118 440 2208 auctor)
465 2146 536 2188 vero
560 2128 624 2187 sine
646 2128 711 2186 ulla
733 2127 919 2187 dubitatione
939 2147 1069 2187 errorem
1092 2129 1261 2204 descripsit:
1287 2127 1408 2191 τῶνδὲ

234 2208 453 2296 cooperirem)
471 2213 522 2276 καὶ
540 2211 642 2289 αἰγῶν
661 2211 717 2276 τὰς
735 2211 856 2291 ἡλικίας
875 2211 894 2276 ὁ
913 2214 1046 2292 ποιητὴς
1065 2212 1235 2292 διακρίνων
1253 2217 1319 2279 κτλ.

323 2305 442 2366 Tertius
466 2305 523 2364 huc
550 2305 682 2382 pertinet
704 2307 787 2365 locus
811 2305 940 2366 Pollucis
963 2305 979 2363 I
1005 2308 1080 2365 181:
1112 2301 1233 2366 Ἱππικά
1256 2301 1408 2384 ὸνὸματα,

233 2389 334 2468 ἀγέλη
348 2389 467 2469 ίππων,
481 2387 694 2470 ἱπποτρόφοι,
709 2388 940 2470 ἀγελητρὸφος,
956 2389 1145 2470 ίππονὸμος,
1163 2390 1353 2470 ἱππαγωγὸς
1363 2444 1370 2456 .
1381 2443 1407 2458 ..

235 2477 450 2559 ἱπποφορβὸς.
484 2477 552 2543 εἷτα
569 2479 662 2546 ἵπποι
681 2477 852 2558 φορβάδες,
871 2479 964 2544 ἵπποι
983 2478 1128 2556 ἀγελαῖοι
1143 2530 1150 2544 .
1165 2530 1173 2544 .
1187 2530 1194 2545 .
1210 2479 1407 2563 πῶλοιάβο-

236 2571 287 2632 λοι
306 2567 338 2631 οἱ
356 2567 477 2632 πώλων
495 2569 547 2632 καὶ
564 2567 697 2634 τελείων
720 2569 820 2646 μέςοι·
839 2567 925 2632 οὕτω
940 2569 1000 2647 γὰρ
1015 2567 1156 2634 Πλάτων
1170 2571 1246 2635 τοὺς
1260 2575 1407 2650 δευτερο-

236 2656 352 2737 βὸλους
367 2656 625 2737 ὀνομαζομένους
639 2657 788 2722 ἐκάλεςεν
801 2656 953 2722 τελείους.
981 2657 1012 2722 οἱ
1025 2659 1062 2723 δὲ
1076 2657 1288 2738 γεγηρακότες
1302 2658 1407 2737 ἀγνώ-

234 2765 330 2825 μονες
344 2747 395 2810 καὶ
410 2746 664 2825 λιπογνώμονες·
683 2746 822 2825 γνώμων
841 2746 902 2828 γὰρ
917 2748 1044 2824 λέγεται
1059 2746 1077 2811 ὁ
1091 2746 1285 2826 ἀποπίπταιν
1302 2748 1407 2828 ὁδούς,

231 2841 287 2915 τῆς
310 2834 432 2915 ἡλικίας
456 2835 503 2900 ὢν
521 2835 732 2914 γνωριςτικὸς.
769 2838 1020 2915 Aristophaneam
1044 2859 1109 2900 esse
1133 2841 1298 2902 doctrinam
1320 2842 1406 2902 facile

231 2927 428 3006 intellegitur.
456 2922 577 3004 ἀγέλην
591 2929 683 2989 etiam
697 2930 734 2989 de
748 2929 832 3004 equis
846 2930 986 3005 usurpari
999 2949 1086 2989 nemo
1101 2930 1273 2992 observavit
1286 2935 1407 3007 praeter

198 3060 201 3066 -
231 3018 463 3094 Aristophanem
483 3009 543 3100 (Μ)
563 3022 594 3078 et
612 3018 765 3079 Pollucem
783 3009 834 3097 (cf.
853 3015 878 3078 Τ
900 3022 972 3079 281.
992 3020 1163 3080 Anaxandr.
1183 3019 1263 3079 Com.
1278 3020 1325 3080 Ill
1344 3023 1403 3080 182

193 3113 210 3184 ζ
230 3128 258 3168 ν.
279 3097 344 3186 24).
372 3107 446 3165 item
465 3125 551 3167 nemo
569 3103 750 3182 ἱππονὸμοε
768 3121 877 3166 nomen
896 3099 1072 3189 tradidisffl)
1100 3108 1228 3168 maxime
1247 3113 1348 3170 autem
1367 3111 1405 3169 ab

155 3223 158 3231 ·
231 3195 433 3272 Aristophane
457 3196 610 3256 Pollucem
632 3198 761 3272 pendere
785 3197 992 3255 demonstrant
1014 3198 1132 3272 glossae
1156 3196 1259 3259 πῶλοι
1283 3192 1405 3275 ἀβολοι,

231 3279 486 3360 λιπογνιίιμονες,
510 3278 699 3366 svenosa)
731 3285 834 3361 itaque
857 3285 914 3344 hoc
932 3284 1092 3362 praecipue
1110 3286 1240 3346 Pollucis
1260 3307 1404 3348 consensu

230 3377 395 3439 commotus
417 3375 449 3434 in
474 3394 617 3453 equorum
639 3369 771 3452 ἡλικίαις
795 3391 848 3434 cas
870 3375 987 3450 glossas
1010 3375 1109 3435 locum
1132 3375 1274 3437 habuisse
1293 3377 1405 3437 conieci

303 3598 338 3666 ⁴⁹)
363 3597 499 3669 Corrupta
522 3597 653 3652 Eustathi
677 3598 763 3653 verba
786 3601 895 3683 ἐλέγετο
920 3601 950 3654 δέ
973 3601 1018 3654 καί
1040 3541 1149 3666 μοςχίας
1168 3601 1183 3652 ὸ
1201 3599 1312 3665 τριέτης
1331 3601 1406 3667 κριός

230 3686 245 3726 e
265 3669 351 3725 Suida
364 3671 393 3723 et
407 3668 546 3736 Hesychia
566 3667 732 3739 corrigenda
750 3673 845 3727 suut'
837 3689 867 3725 ιιι
886 3671 996 3737 μοεχίον
1010 3672 1054 3738 (δὲ
1067 3672 1118 3725 τὸν
1135 3670 1273 3738 πρῶτον)
1293 3671 1404 3737 ἐλέγετο

233 3743 326 3795 δὲκαὶ
345 3733 477 3810 (ἀρνειὸς)
496 3742 512 3793 ὁ
531 3741 639 3808 τριέτης
658 3742 739 3808 κριὸς.
766 3742 801 3796 cf.
820 3741 938 3810 Hesych.
962 3742 1081 3809 ἀρνειὸς
1106 3741 1249 3808 ὸτριέτης
1267 3743 1350 3808 κριὸς.
1370 3774 1404 3783 -

228 3813 300 3867 falso
324 3811 437 3867 Lobeclr
459 3809 533 3867 Prol.
557 3829 583 3880 p.
609 3818 641 3867 31
666 3809 756 3867 Eusta
755 3813 845 3868 thium
869 3830 895 3881 p
918 3818 984 3867 1627
1009 3829 1043 3866 ex
1066 3811 1254 3882 Aristophane
1277 3813 1403 3869 hausisse

230 3881 388 3938 contendit:
412 3899 495 3951 quem
518 3898 639 3937 errorem
661 3900 718 3937 non
740 3883 875 3939 refutavit
896 3882 1117 3953 Nauckp.107
1135 3901 1162 3938 n.
1182 3889 1277 3937 42.-
1304 3885 1404 3940 Pollux

229 3951 322 4009 verbis
341 3955 372 4008 ὃς
391 3957 436 4007 καὶ
454 3955 525 4022 ἀρὴν
539 3953 614 4022 παρὰ
628 3960 685 4008 τοι(
698 3962 826 4022 ποιηταις
840 3958 961 4009 καλεῖται
975 3955 1058 4023 (quae
1072 3955 1149 4008 Euat.
1167 3954 1243 4009 Suid.
1259 3955 1402 4024 omittunt)

230 4024 297 4094 quid
317 4024 369 4079 sibi
387 4023 457 4080 velit
475 4041 530 4080 non
554 4023 700 4094 perspicio.
734 4055 767 4066 -
803 4026 838 4096 ⁵⁰)
864 4025 909 4080 Ad
937 4042 1003 4081 oves
1027 4026 1056 4080 ct
1077 4041 1176 4096 capras
1198 4026 1288 4090 refert
1307 4044 1402 4082 νοιιιιι

228 4095 405 4178 Homericos,
428 4094 531 4150 rectius
554 4094 603 4150 ille
627 4113 712 4164 quam
730 4099 862 4167 excerpta
879 4095 1092 4166 Aristophanes.
1122 4129 1155 4138 -
1186 4097 1220 4165 51)
1244 4099 1403 4162 Ἱιτπονὸμος

228 4167 258 4222 in
280 4167 359 4223 libris
383 4167 475 4222 exstat
498 4167 582 4248 Soph.
605 4165 648 4224 Al.
673 4173 725 4222 232
750 4168 823 4238 (καὶ
847 4171 965 4236 βοτῆρας
988 4167 1200 4239 λππονὸμοιις’),
1225 4167 1321 4223 sedin
1339 4165 1401 4221 eod

228 4239 310 4295 Laur.
332 4237 412 4293 ‘din
430 4237 465 4293 lit
452 4240 516 4293 tura
534 4236 606 4294 alius
623 4237 736 4294 litterae
751 4243 780 4293 et
798 4256 846 4293 ους
865 4255 898 4294 ex
916 4255 949 4293 ας
966 4239 1058 4295 factc'
1076 4210 1222 4309 (Dmdori).
1251 4237 1401 4292 ePorsoni

228 4309 299 4366 coni.
318 4309 389 4366 let
390 4327 421 4364 ur
439 4309 665 4376 λπττονώμαςμ-
692 4309 716 4340 ⁵²
716 4309 845 4377 macru
863 4309 1024 4365 testimonia
1048 4312 1150 4382 partim
1173 4310 1305 4377 corrupta
1322 4311 1400 4365 sunt:

227 4381 328 4510 ξλιιιι,
346 4327 435 4436 ξολλ.
455 4386 503 4450 49,
522 4387 564 4436 33.
584 4380 704 4450 Hesych.
716 4310 839 4447 )cs.0tcr
859 4380 945 4438 schol.
964 4383 1036 4440 Plat.
1055 4384 1141 4454 Legg
1161 4379 1226 4436 vul
1240 4383 1321 4436 8340.
1346 4375 1448 4438 lex.

253 4468 267 4507 e
337 4459 398 4521 322,
417 4459 441 4507 2,
505 4483 509 4492 ·
609 4499 613 4506 ,
653 4483 658 4492 ·
747 4499 749 4508 ,
