3102 5158
260 259 326 327 360
725 262 851 336 Leopold
869 262 962 320 Cohnr

262 433 357 493 decim
377 427 582 511 scriptorum,
601 435 684 495 euius
703 436 872 512 exemplum
890 433 921 493 in
935 434 1085 512 Agathiae
1105 434 1320 510 epigrammate
1340 434 1435 494 Anth.

259 522 323 584 Pal.
341 522 384 581 IX
399 524 463 582 482
485 526 602 582 exstare
625 524 845 587 intellexerunt
887 525 939 604 ubi
962 543 1028 584 eum
1047 523 1174 600 triginta
1191 526 1309 582 tantum
1328 523 1436 583 6616611
1513 570 1514 609 3

259 617 458 690 compareant,
473 613 511 672 ab
527 613 687 673 Eustathio
702 616 733 674 et
747 613 896 690 Hesychio
911 607 1021 672 πόλει(
1036 616 1068 672 61
1081 607 1328 688 διαγραμμιτμόε
1347 613 1433 671 16666

261 701 400 761 confundi
419 705 593 761 statuerunt
612 696 813 783 (Marquardt,
832 702 916 763 Rem.
936 701 1093 762 Privatalt.
1111 701 1142 760 Il
1162 703 1235 761 435.
1255 704 1329 762 437.
1363 701 1435 762 Gall

259 791 280 852 1.
298 791 318 850 1.
337 811 365 866 p.
388 783 475 871 374).
514 794 547 849 at-
565 793 590 850 si
609 811 692 851 error
716 792 892 852 statuendus
917 795 1009 868 esset,
1033 810 1092 851 non
1112 791 1253 850 Eustathi
1277 793 1357 850 esset
1382 791 1435 850 aed

262 878 387 940 Suetoni
405 883 436 938 61
454 898 492 939 66
506 879 595 941 huius
614 881 734 957 quidem
750 881 802 940 sed
820 881 911 955 illins,
930 899 948 939 a
967 899 1025 956 quo
1040 879 1200 938 Suetonius
1220 883 1251 939 61
1264 879 1434 956 Hesychius

261 969 400 1043 pendent,
419 968 468 1027 eui
486 970 578 1028 talem
598 970 799 1029 confusionem
818 970 952 1029 tribuere
970 987 1029 1028 non
1047 967 1126 1028 11661.
1163 986 1259 1044 neque
1279 969 1341 1029 ullo
1361 987 1433 1028 vero

261 1056 433 1117 testimonio
449 1058 658 1133 comprobatur
673 1060 799 1119 eundem
813 1058 906 1119 fuisse
923 1052 1038 1116 ‘ludum
1048 1056 1107 1116 XII
1122 1051 1323 1134 scriptorum',
1337 1077 1435 1133 neque
1512 1074 1515 1119 1

260 1146 291 1204 in
309 1139 421 1206 adiere
445 1147 514 1205 lusu
532 1165 690 1207 nnmerum
708 1148 890 1208 oelonlorum
909 1147 961 1205 LX
985 1146 1078 1206 fuisse
1097 1149 1222 1205 constat.
1259 1145 1338 1205 idem
1360 1146 1436 1205 iudi-

263 1235 342 1296 cavit
360 1235 441 1310 Beeq
459 1236 496 1294 de
510 1236 692 1312 Fouqnitres
707 1229 750 1316 (p.
766 1238 838 1297 358.
854 1229 942 1317 416).
975 1236 1077 1310 itaque
1095 1235 1171 1293 illud
1186 1253 1303 1311 qnoque
1322 1252 1434 1311 negan-

261 1324 341 1398 dum,
359 1324 391 1382 in
409 1324 464 1383 hoe
482 1325 551 1383 lusu
570 1328 601 1384 et
619 1328 748 1386 tesseras
768 1329 798 1384 et
812 1326 941 1387 ealoulos
961 1343 1026 1384 esse
1042 1324 1192 1384 adhibitos
1211 1316 1432 1404 (Becker-Stil,

261 1411 415 1472 Charikles
439 1412 469 1470 II
492 1433 521 1488 p.
546 1405 634 1493 376).
681 1415 728 1474 661
763 1415 893 1490 opinioni
920 1415 1098 1474 adversatur
1131 1413 1223 1472 etiam
1250 1413 1435 1472 Philemonis

261 1520 366 1562 versus
385 1520 403 1560 6
422 1499 563 1561 Suetonio
583 1504 637 1562 hoe
657 1505 720 1563 Iooo
743 1504 896 1562 laudatus:
917 1497 1036 1578 μεθύει,
1056 1497 1285 1576 διαγραμμίζει,
1310 1499 1436 1577 κυβεύει

262 1583 366 1672 (Mein.
385 1589 468 1649 Com.
486 1589 530 1649 IV
550 1583 616 1672 64).
656 1611 726 1652 nam
750 1593 776 1652 ei
801 1593 924 1652 tesseris
944 1609 1061 1670 quoque
1079 1585 1326 1666 διαγραμμιεμόε
1348 1592 1436 1651 16666

262 1682 351 1756 66661,
371 1677 524 1739 (lominum
538 1679 582 1739 ita
596 1677 833 1757 διαγραμμίζειν
847 1681 878 1740 61
892 1677 1037 1757 κυβεύειν
1051 1682 1204 1756 tamquam
1223 1680 1342 1740 diversa
1360 1681 1436 1740 vitia

264 1771 507 1828 enumeraturum
531 1768 624 1829 fuisse
648 1771 697 1830 vix
721 1771 817 1830 erede.
859 1763 1075 1845 διαγραμμίῑει
1098 1767 1174 1826 nihil
1196 1768 1278 1828 aliud
1302 1770 1349 1828 661
1378 1769 1438 1828 6161

264 1853 417 1918 πεττεύει.
446 1857 482 1916 ef.
501 1858 610 1918 Moeris
628 1859 773 1920 Atticista
791 1861 864 1933 207,
885 1861 928 1920 20
945 1852 1110 1920 πεττεύειν
1125 1851 1266 1932 Ἀττικοί,
1286 1857 1436 1932 διαγραμ-

266 1941 364 2021 μίΖειν
382 1942 543 2022 Ἕλληνες.
1517 1940 1520 1949 ’

353 2035 480 2112 Copiosa
498 2040 546 2096 est
563 2036 600 2096 de
618 2038 776 2098 talorum
795 2038 866 2098 ludo
885 2036 1027 2098 Eustathi
1045 2036 1195 2096 enarratio
1215 2027 1256 2117 (p.
1275 2037 1368 2112 1289,
1385 2038 1438 2097 53.

266 2118 375 2204 1397),
394 2143 521 2201 quaeum
535 2128 566 2184 61
585 2126 687 2185 ordine
706 2124 806 2186 rerum
825 2132 857 2187 et
869 2127 969 2188 verbis
988 2126 1051 2187 fere
1065 2124 1176 2201 optime
1196 2124 1324 2185 oonoinit
1343 2125 1437 2186 sehol.

264 2213 342 2272 Plat.
360 2213 433 2290 Lys.
451 2235 480 2290 p.
500 2215 563 2274 206
571 2233 596 2275 e.
633 2215 739 2276 Pollux
762 2235 833 2276 vero
856 2217 1002 2276 maximae
1027 2215 1129 2274 studet
1151 2214 1302 2274 brevitati.
1344 2215 1438 2274 ceteri

261 2303 331 2377 plus
359 2321 426 2362 eum
453 2301 596 2362 Suetonio
624 2308 654 2362 et
686 2304 776 2364 schol.
805 2305 882 2365 Plat.
915 2305 1093 2380 conspirant.
1140 2302 1268 2379 Hesyeh.
1298 2295 1435 2376 ἄετριεε·

262 2385 464 2466 ἀετράγαλοι.
499 2391 539 2452 id.
559 2384 710 2466 ἄττριχοι·
729 2389 767 2452 τὸ
783 2387 870 2452 αὐτό,
902 2393 943 2453 id.
963 2390 1050 2472 Κῷα(
1072 2387 1164 2450 Χῖον·
1184 2386 1202 2450 ὁ
1219 2389 1307 2470 Κῷοε
1326 2384 1438 2465 ἀετρὰ-

263 2479 364 2551 γαλοε
383 2475 403 2538 ὁ
421 2478 469 2541 ἓξ·
488 2475 508 2538 ὁ
527 2475 585 2555 μὲν
603 2477 664 2557 γὰρ
681 2477 757 2541 >tior
780 2477 918 2542 ἐδύνατο
937 2478 982 2556 ἕν,
1001 2476 1019 2540 ὁ
1039 2476 1074 2539 δὲ
1092 2476 1180 2558 Κῷοε
1195 2476 1235 2540 ἕξ.
1269 2480 1377 2539 Zenob.
1392 2480 1437 2538 IV

266 2571 306 2629 74
333 2566 421 2648 Κῷα(
450 2563 529 2648 Χίῳ·
563 2565 582 2629 ὁ
611 2566 700 2650 Κῷοε
728 2563 926 2646 ἀττράγαλοε
954 2566 1094 2644 ἠδύνατο
1128 2565 1168 2629 ἕξ.
1220 2563 1372 2643 παροιμία
1400 2567 1437 2629 δέ

262 2654 326 2720 ἐετι
351 2653 428 2718 >tine
450 2654 531 2733 πρὸ(
555 2655 660 2738 Κῷον·
688 2655 708 2720 ὁ
733 2657 791 2735 μὲν
818 2657 879 2736 γὰρ
904 2657 981 2720 Χῐοε
1008 2654 1148 2733 ἠδύνατο
1172 2654 1220 2732 ἓν,
1244 2652 1263 2717 ὁ
1286 2654 1322 2716 δὲ
1348 2654 1438 2736 Κῷοι

264 2742 306 2807 ἕξ,
348 2745 504 2807 Strattidis
527 2767 632 2808 uersus
655 2749 693 2808 ab
716 2749 876 2808 Eustathio
906 2753 937 2809 et
960 2747 1151 2814 66161.,Ρ161.
1174 2747 1315 2806 laudatus
1340 2740 1434 2807 ‘Xioc

263 2831 425 2911 παραετὰε
446 2833 536 2915 Κῷον
560 2831 619 2896 οὐκ
641 2833 679 2916 ἐᾷ
702 2831 826 2909 λέγειν’
850 2828 951 2917 (Mein.
972 2835 1053 2897 Com.
1071 2834 1102 2893 II
1123 2829 1200 2916 771)
1220 2835 1258 2894 ad
1277 2835 1438 2895 Therame-

262 2942 331 2983 nem
345 2924 559 2986 Atheniensem
575 2929 701 3000 epeetot:
721 2927 857 3003 Append.
871 2926 958 2986 Prov.
974 2926 1001 2982 V
1017 2929 1057 2986 28
1075 2920 1151 2984 Χῑοε
1165 2920 1327 2999 παραετὰε
1344 2921 1436 3002 Κῷον

263 3008 322 3072 οὐκ
345 3009 383 3092 ἐᾷ
407 3011 524 3085 λέγειν·
549 3009 614 3073 ἀπὸ
637 3009 845 3090 ἀετραγάλων
868 3013 1042 3093 παρῳδήθη
1065 3009 1085 3087 ἡ
1109 3007 1269 3087 παροιμία.
1308 3009 1358 3072 καὶ
1381 3010 1434 3073 ἐπὶ

263 3098 572 3251 1111111101ξὲ
595 3097 980 3252 1111161111111611
1000 3102 1091 3252 {iiii
1109 3101 1256 3250 titt
1274 3103 1436 3251 11166

262 3281 368 3356 poetae
401 3280 559 3341 simulacri.
605 3281 736 3341 indidem
763 3281 871 3341 Pollux
902 3269 987 3341 addit
1018 3279 1208 3356 proverbium
1236 3282 1336 3338 ortum
1369 3299 1433 3339 esse

264 3363 381 3428 ‘aduror
396 3363 503 3431 ὀκτώ’.
526 3373 617 3446 atque
631 3371 674 3430 ita
683 3371 875 3446 proverbium
890 3363 1433 3446 1616ι·μιο16161Ρ1ιο1.πάνταὀκτώ·

264 3452 295 3516 οἱ
317 3454 376 3532 μὲν
399 3453 587 3533 (τεείχορόν
610 3475 706 3534 φαειν
730 3455 766 3519 ἐν
791 3453 916 3538 Κατάνῃ
939 3453 990 3538 (ἐν
1012 3454 1113 3536 Ἱμέρᾳ
1141 3457 1223 3520 Suet.
1246 3457 1322 3518 Poll.
1344 3458 1435 3518 sehol.

263 3538 358 3627 Plat.)
380 3547 521 3622 ταφῆναι
540 3545 727 3609 rotomum
746 3545 827 3622 πρὸ(
845 3547 915 3608 ταῑε
934 3542 993 3607 ἀπ’
1011 3544 1111 3608 αύτοῦ
1131 3539 1355 3617 (τεειχορείοιε
1374 3542 1433 3602 πύ-

265 3634 334 3694 λαι(
357 3633 556 3709 λεγομέναις·
575 3633 625 3696 καὶ
644 3636 703 3697 τοῦ
722 3632 873 3712 μνημείου
893 3633 1026 3711 ἔχοντο(
1045 3632 1129 3698 ὀκτὼ
1149 3629 1255 3692 κίονα(
1273 3625 1324 3687 καὶ
1348 3624 1433 3689 ὀκτὼ

267 3721 405 3799 βαθμοῦ(
419 3721 470 3784 καὶ
483 3720 568 3785 ὀκτὼ
587 3721 707 3797 γωνία(
722 3725 786 3787 κτλ.
806 3719 957 3809 (seqnitur
970 3728 1067 3786 altere
1084 3710 1317 3800 interpretatio).
1346 3720 1435 3788 aliter

264 3812 457 3889 proverbium
476 3815 604 3891 explieat
621 3813 728 3875 Zenob.
747 3816 776 3873 V
796 3818 845 3877 78.

355 3901 399 3961 De
414 3896 580 3980 ‘Euripide'
595 3905 723 3964 talorum
737 3905 819 3965 iaetu
834 3904 1025 3982 disputarunt
1036 3897 1159 3961 Voamel
1173 3889 1288 3978 (progr.
1298 3897 1432 3958 Praueof.

266 3992 361 4051 1847.
379 3991 487 4051 Philol.
495 3991 569 4052 XIII
579 3985 660 4074 308)
670 3998 701 4054 61
710 3993 829 4072 Sauppe
840 3988 959 4073 (Philol.
968 3991 1010 4050 XI
1021 3982 1088 4070 37),
1098 4006 1226 4065 quorum
1235 3988 1335 4048 neutri
1345 3987 1433 4063 origi-

265 4098 333 4140 nem
348 4081 475 4139 nominis
490 4082 649 4157 explanare
660 4088 691 4143 61
703 4085 820 4142 numeri
835 4081 1040 4142 difficultatem
1055 4079 1162 4139 tollere
1172 4076 1305 4154 contigit.
1325 4095 1432 4136 novam

267 4170 544 4246 interpretationem
562 4172 690 4248 protulit
708 4172 790 4249 Beoq
808 4173 844 4232 de
863 4170 1045 4246 Fouquieres
1065 4160 1108 4248 (p.
1129 4168 1191 4226 325
1208 4159 1296 4247 sqq.).

216 4269 220 4276 '
355 4253 524 4333 ἀρτιαεμόε
546 4255 651 4335 τρύπα
669 4255 792 4336 ὤμιλλα
815 4262 899 4320 16666
922 4257 974 4339 (ab
993 4257 1153 4318 Eustathio
1173 4248 1290 4336 omissi)
1314 4253 1433 4329 proprie

266 4366 285 4405 a
302 4349 433 4406 talorum
455 4349 527 4409 ludo
546 4350 635 4410 alieni
655 4369 722 4410 enm
741 4370 775 4410 eo
794 4349 1027 4424 coniunguntur,
1047 4347 1126 4424 quod
1145 4346 1214 4405 talis
1233 4361 1349 4418 quoque
1368 4343 1432 4400 ludi

265 4438 414 4513 poterant.
451 4430 979 4521 ἀρτιαεμόν(116116666ιί666
999 4436 1104 4499 Horat.
1124 4435 1217 4494 Serm.
1236 4431 1278 4506 11,
1300 4433 1333 4510 3,
1354 4428 1432 4516 248)
