3102 5158
141 249 183 306 Dc
197 249 388 323 Aristophane
402 233 536 320 Byzantio
551 251 580 307 et
594 247 728 308 Suetonio
742 247 905 321 Tranquillo
914 249 1047 309 Eustathi
1062 249 1231 312 auctoribus.
1250 249 1315 317 357

141 413 193 502 (de
203 421 283 498 talis,
292 421 329 481 de
340 415 450 483 πόλει(
459 416 553 503 ludo).
573 424 712 498 excerpta
723 421 778 480 ML
792 421 899 498 exigua
914 425 1031 482 tantum
1047 422 1215 499 fragmenta
1229 441 1314 498 prae-

139 510 221 588 bent,
235 509 356 571 initium
371 511 582 590 disputationis
597 511 633 570 dc
647 511 770 572 tesseris
786 503 837 591 (de
855 510 989 571 Platonis
1003 513 1068 571 lcco
1078 511 1203 571 Phaedr.
1215 505 1315 591 2740)

143 600 267 675 eiusque
285 600 374 661 finem
400 593 452 682 (de
471 596 673 676 τρηματίκται
697 604 728 660 et
746 595 914 676 (κιράφεια
932 592 1113 680 vocabulis),
1135 601 1316 676 particulam

142 687 355 764 disputationis
374 691 411 751 de
430 690 552 751 ealordis
572 683 624 772 (de
642 690 799 766 proverbio
818 686 932 766 κινή(ω
951 685 1010 749 τὸν
1029 683 1092 766 ἀφ’
1108 681 1224 770 ἱερᾶ()ι
1248 690 1316 749 reli-

139 796 199 853 qua
218 778 369 841 omittunt

229 866 337 926 Pollux
359 867 403 926 lX
427 870 589 929 94—103
615 863 744 944 κυβείαν
766 887 857 944 quam
884 868 1059 928 brevissime
1084 867 1228 945 absolvit,
1256 886 1314 929 uno

139 957 241 1014 tamen
266 956 330 1016 loeo
353 958 491 1017 lacunam
510 958 652 1016 Eustathi
676 951 797 1033 supplet
815 949 881 1039 (95.
902 959 943 1017 96
969 949 1260 1037 πλειετοβολίνδα),
1283 958 1314 1016 in

140 1039 288 1103 πεττεία(
307 1049 339 1106 et
353 1039 605 1121 ἀ(τραγαλι(μού
620 1046 818 1124 descriptione
833 1065 900 1105 cum
914 1046 1074 1106 Eustathio
1089 1046 1152 1105 fere
1166 1046 1314 1124 congruit,

141 1133 194 1192 sed
212 1137 248 1192 ut
271 1133 319 1193 hic
337 1135 460 1194 uberius
480 1138 582 1195 narret
605 1155 696 1212 quam
713 1134 828 1195 Pollux
864 1135 1022 1210 utriusque
1045 1135 1081 1194 de
1105 1135 1175 1193 telis
1195 1153 1314 1194 enarra-

139 1222 251 1281 tionem
282 1224 401 1300 supplet
428 1224 519 1286 schol.
542 1224 620 1284 Plat.
644 1225 714 1300 Lys.
739 1226 840 1300 2060,
863 1224 931 1300 plue
958 1242 1028 1284 vcro
1056 1243 1125 1282 cum
1151 1223 1311 1283 Eustathio

141 1329 232 1386 quam
251 1311 373 1372 Polluce
393 1315 551 1389 conspirat
588 1314 720 1374 adiciunt
738 1312 845 1372 Pollux
863 1316 893 1372 et
912 1312 1002 1373 schol.
1020 1312 1099 1372 Plat.
1124 1312 1185 1372 tria
1202 1332 1314 1389 genera

139 1400 198 1459 τού
213 1395 451 1474 ἀ(τραγαλίζειν
470 1402 508 1461 ab
527 1402 686 1461 Eustathio
702 1401 811 1462 omissa
825 1394 1015 1482 (ἀρτιαεμό(,
1034 1395 1148 1476 τρύπα,
1167 1395 1312 1482 ὤμιλλα),

140 1507 218 1564 quae
232 1507 250 1547 a
264 1488 406 1550 Suetonio
420 1494 650 1551 commemorata
668 1492 761 1551 fuisse
774 1491 868 1550 rerba
883 1490 1089 1550 demonstrant
1102 1489 1212 1566 quibus
1227 1491 1312 1549 Eust.

140 1597 169 1652 p.
185 1580 280 1656 1290,
296 1581 314 1639 3
336 1579 547 1656 disputationis
561 1579 651 1640 finem
669 1579 754 1640 facit:
773 1575 818 1638 ιίι(
837 1576 872 1639 δέ
888 1575 939 1639 καὶ
953 1578 1088 1639 nolluit
1103 1573 1313 1653 ἀ(τραγάλοι(

141 1661 273 1728 ἔπαιζον
288 1663 369 1729 καθὰ
383 1665 520 1742 καρύοιε,
535 1666 688 1743 ζητητέον
703 1665 739 1729 ἐν
753 1669 799 1748 τῷ
813 1664 953 1747 Πλούτῳ
968 1667 1026 1727 τοῦ
1040 1668 1189 1747 κωμικοῦ,
1203 1668 1312 1744 quibus

139 1757 301 1830 respondet
331 1757 421 1819 schol.
444 1757 521 1817 Plat
626 1753 758 1820 ἔπαιζον
786 1754 822 1817 δέ
852 1750 1062 1831 ἀ(τραγάλοι(
1096 1753 1147 1817 καὶ
1177 1756 1312 1817 πολλοῑ(

140 1839 283 1920 καθάπερ
293 1841 430 1921 ruptore,
440 1846 492 1906 ubi
502 1847 591 1922 paulo
599 1837 1151 1926 ροεύἈρι(τοφάνη(Πλούτῳ(816)
1164 1846 1312 1907 laudatur.

227 1933 419 1995 Inventorem
442 1931 568 2010 κυβεία(
593 1939 624 1996 et
652 1930 798 1996 πεττεία(
826 1935 1018 1994 Palamedem
1051 1934 1125 1994 dixit
1154 1934 1313 1995 Suetonius

139 2023 349 2083 auctoritatem
373 2027 492 2084 secutus
517 2025 685 2085 Polemonis
709 2016 760 2107 (cf.
784 2025 911 2098 Preller,
929 2024 1043 2086 Polam.
1064 2024 1123 2099 frg.
1147 2045 1175 2100 p.
1196 2016 1253 2105 64)
1279 2042 1313 2084 ac

140 2112 314 2172 testimonia
341 2112 496 2189 Sophoclis
524 2117 555 2173 et
582 2114 789 2189 Euphorionis.
840 2112 968 2173 eundem
999 2114 1130 2172 testatur
1157 2112 1312 2188 inscriptio

141 2192 344 2276 ἀναθήματα(
360 2203 513 2262 cuiusdam
527 2221 545 2261 a
559 2202 648 2262 Paua.
663 2202 694 2261 II
709 2205 761 2281 20,
776 2206 794 2263 3
810 2202 932 2278 tradita,
946 2201 998 2260 ubi
1012 2200 1189 2262 Palamedes
1204 2201 1313 2262 dicitur

140 2284 256 2364 κύβου(
276 2285 380 2364 εὑρὼν
395 2283 568 2373 (ἀνέθηκε).
601 2291 772 2352 Herodotus
792 2311 862 2352 vero
877 2283 915 2371 (l,
931 2283 987 2371 94)
1011 2291 1050 2350 ab
1072 2291 1137 2366 ipso
1152 2291 1312 2350 Eustathic

138 2397 166 2453 p.
188 2381 283 2454 1396,
304 2381 345 2441 57
366 2380 506 2441 laudatus
524 2381 624 2457 Lydos
643 2381 793 2442 invenisse
816 2383 948 2442 tesseras
966 2375 1018 2438 καὶ
1036 2378 1102 2438 τῶν
1121 2373 1231 2438 ἄλλων
1250 2395 1311 2439 πα-

140 2463 223 2527 (έων
242 2465 417 2540 παιγνιέων
435 2465 475 2528 τὰ
494 2463 582 2530 εἴδεα
600 2467 685 2545 πλὴν
704 2469 828 2531 πε((ῶν
847 2471 952 2529 auctor
970 2471 1030 2545 est,
1048 2462 1198 2528 πεττείαν
1216 2469 1312 2544 igitur

141 2557 236 2616 solam
251 2556 405 2617 Palamedi
418 2558 539 2618 ridetur
553 2558 704 2618 tribuisse.
736 2578 770 2619 ac
789 2553 938 2619 πεττείαν
952 2556 1162 2633 antiquissimo
1177 2560 1311 2633 tempore

139 2662 204 2704 esse
223 2645 377 2706 inventam
397 2645 550 2724 Odysseae
572 2666 678 2708 versus
698 2664 718 2707 α
739 2650 800 2708 107
821 2649 922 2722 docet,
945 2665 1034 2722 quern
1057 2646 1205 2722 explicare
1223 2665 1312 2723 posse

139 2734 196 2793 sibi
213 2735 297 2795 visus
317 2739 364 2795 est
381 2736 460 2812 Apio
479 2731 498 2796 ὁ
518 2731 649 2810 Μόχθο(
673 2729 798 2819 (Athen.
816 2736 831 2795 Ι
852 2728 946 2817 ldt).

230 2823 341 2883 Deinde
371 2824 532 2886 Suetonius
559 2826 693 2885 Platonis
721 2827 819 2886 locum
847 2825 974 2884 Phaedr.
1000 2827 1086 2884 2740
1113 2825 1231 2904 laudat,
1258 2824 1311 2884 ubi

137 2911 283 2988 Aegyptii
296 2931 363 2972 cum
377 2914 437 2973 alia
454 2917 520 2974 tum
535 2909 685 2976 πεττείαν
703 2930 738 2975 τε
753 2911 804 2975 καὶ
823 2909 952 2989 κυβείαν
970 2914 1120 2974 invenisse
1134 2916 1310 2973 narrantur:

138 3001 190 3060 sed
209 3001 343 3062 Platonis
363 3003 543 3080 interpretes
562 2998 608 3083 (ol
626 3003 685 3064 τοῦ
703 2999 883 3064 Πλάτωνα(
902 2995 1194 3082 ύπομνηματιααί),
1212 3002 1312 3078 inquit

137 3088 306 3167 Suetonius,
325 3110 360 3150 ec
374 3092 439 3152 loco
454 3087 603 3154 πεττείαν
617 3111 676 3154 που
690 3113 744 3169 pro
758 3094 827 3154 lusu
842 3092 894 3154 scd
909 3110 963 3168 pro
977 3093 1176 3152 instrumento
1191 3109 1308 3166 accepe-

138 3182 211 3238 runt
229 3180 266 3238 ad
286 3181 386 3240 studia
400 3182 598 3242 astronomica
616 3182 693 3243 utili.
721 3201 780 3259 qua
794 3183 830 3243 de
845 3181 1092 3257 interpretatione
1110 3182 1211 3240 tacent
1225 3181 1309 3240 scho-

139 3267 181 3327 lia
193 3266 328 3328 Platonis
347 3289 424 3346 quae
437 3273 569 3330 aetatem
586 3273 734 3348 tulerunt3
754 3272 806 3330 sed
820 3272 879 3331 huc
893 3273 1029 3346 spectare
1047 3269 1196 3329 intellexit
1210 3269 1310 3328 Ruhn-

137 3357 196 3416 ken
215 3357 333 3417 Timaei
350 3358 481 3435 glossam
502 3351 544 3438 (ρ.
564 3352 642 3440 217)
662 3355 804 3421 πεττεία·
822 3357 842 3435 ἡ
862 3353 914 3418 διὰ
933 3356 1055 3434 ψήφων
1074 3353 1192 3418 παιδιά.
1225 3353 1309 3418 έ(τιν

139 3439 173 3504 δ’
191 3439 245 3506 ὅτε
265 3443 316 3505 καλ
335 3443 531 3522 γεωμετρίαν
550 3446 645 3520 λέγει.

229 3534 312 3606 Quae
338 3537 502 3596 memorari
524 3537 630 3597 Pollux
655 3538 771 3612 omisit,
799 3538 850 3614 qui
873 3538 976 3598 statim
999 3540 1182 3598 tesserarum
1204 3537 1310 3597 ludum

140 3623 290 3702 describit,
309 3626 361 3685 sed
382 3626 477 3685 multo
496 3627 751 3703 neglegentiorem
770 3646 802 3687 sc
819 3630 956 3703 praestat
969 3646 1060 3703 quam
1074 3626 1244 3686 Suetonius.
1275 3645 1310 3686 ae

140 3711 269 3786 primurn
288 3715 408 3790 quidem
427 3714 514 3775 docet
528 3714 687 3776 Suetonius
706 3722 823 3777 veteres
843 3716 940 3775 tribus
964 3717 1086 3776 tesseris
1105 3715 1228 3790 lusisse,
1250 3733 1311 3774 non

141 3798 256 3860 duobus
271 3805 306 3861 ut
319 3803 507 3879 posteriores.
535 3804 641 3864 deinde
655 3805 847 3882 proverbium
861 3805 949 3866 affert
962 3805 1001 3864 ab
1011 3805 1123 3881 optimo
1136 3809 1167 3864 et
1180 3805 1309 3879 pessimo

139 3888 221 3948 iactu
240 3893 338 3950 ortum
361 3890 380 3966 ἢ
395 3889 461 3967 τρὶ(
480 3891 513 3954 ἓξ
531 3891 551 3967 ἢ
570 3893 655 3968 τρεῖ(
674 3890 790 3971 κύβου(
804 3899 835 3955 ct
853 3894 1010 3954 Platonem
1024 3895 1128 3953 laudat
1146 3894 1221 3952 illud
1235 3894 1310 3953 allu-

140 3977 260 4038 dentem
279 3972 386 4059 (Legg.
405 3980 464 4039 ΧΙΙ
485 3977 594 4062 968ο).
630 3987 695 4044 turn
719 3984 959 4044 observationem
981 3983 1119 4060 adiungit
1140 3984 1177 4042 de
1199 3982 1311 4058 duplici

140 4068 279 4128 vocabuli
297 4063 394 4144 κύβο(
413 4089 470 4130 usu
488 4063 601 4153 (κύβον
620 4091 679 4134 non
697 4072 784 4132 modo
802 4075 947 4133 tesseram
963 4072 1129 4150 significare
1148 4070 1200 4131 sed
1218 4071 1309 4131 etiem

142 4157 281 4218 unionem
301 4157 364 4219 sive
382 4163 525 4235 punctum
544 4154 701 4242 tesserae),
720 4180 809 4238 quem
827 4160 982 4238 Sophoclis
1002 4165 1033 4221 et
1047 4160 1198 4237 Euripidis
1217 4161 1309 4220 versi-

139 4247 194 4306 bus
212 4248 313 4307 allatis
332 4247 474 4308 illustrat.
510 4250 617 4311 Pollux
643 4251 775 4312 breviter
793 4250 942 4327 duplicem
960 4250 1087 4311 nominis
1106 4246 1201 4325 κύβο(
1220 4268 1309 4310 usum

139 4337 170 4392 ct
182 4337 373 4410 proverbium
387 4335 406 4411 ἢ
421 4333 488 4411 τρὶ(
502 4335 536 4398 ἓξ
550 4337 569 4413 ἢ
585 4339 669 4414 τρεῑ(
683 4336 799 4416 κύβου(
816 4341 1037 4415 commemorat,
1055 4340 1172 4416 reliqua
1186 4339 1307 4400 omittit

227 4424 301 4486 Cum
321 4425 463 4486 Suetonio
483 4427 583 4489 verbis
606 4430 670 4488 sere
688 4430 861 4505 conspirant
882 4429 1143 4506 paroemiographi
1162 4429 1307 4492 Zenobius
