3102 5158
163 289 205 347 lle
219 290 411 362 Aristophane
425 289 559 361 Byzantio
574 291 604 346 et
617 288 751 347 Suetonio
766 289 930 360 Tranquillo
940 289 1070 347 Eustathi
1085 289 1252 348 auctoribus.
1271 289 1337 354 299

163 461 315 536 epitomen
336 461 374 520 ab
388 457 532 520 Alexione
552 459 716 522 confectam
736 463 767 521 ot
784 457 824 520 ab
837 457 995 520 Ammonio
1014 480 1043 537 p.
1059 462 1099 521 35
1120 459 1251 522 Erennio
1266 453 1337 520 Phi-

162 552 231 610 lone
250 547 396 626 cpnusc.
411 569 439 626 p.
457 551 551 625 1788,
567 541 655 632 52³⁵)
675 551 722 611 tlt.
739 549 813 610 Gud.
832 551 903 626 124,
918 551 936 609 2
957 551 1007 610 Et.
1025 551 1132 628 'Auget
1148 542 1207 629 (ed.
1221 549 1338 612 Ritsohl

164 631 270 715 Opnsc.
289 639 304 696 Ι
325 631 403 718 684)
422 637 596 698 adhibitam.
634 642 723 715 atque
742 638 919 698 Ammonius
939 639 1060 714 quidem
1079 643 1110 699 et
1127 639 1337 716 Etymologica

164 729 205 788 sic
233 730 384 788 auctorem
412 722 604 787 denuntiant:
632 725 738 802 γέρων
766 723 817 788 καί
846 723 1020 804 πρεςβιίτης
1049 724 1100 789 καλ
1127 724 1336 804 προβεβηκὼς

163 814 316 893 διαφέρει.
353 810 503 878 Ἀλεξίων
523 814 617 892 δηλοῖ
635 813 672 877 ἐν
689 818 727 897 τῇ
748 814 881 898 ἐπιτομῇ
906 815 972 877 τῶν
991 812 1137 892 Διδύμου
1152 812 1335 892 (υμμίκτων

163 903 268 979 λέγων
288 900 406 966 οὕτως·
425 902 460 966 ἐκ
479 905 545 966 τῶν
559 899 808 981 Ἀριςτοφάνους
825 902 900 981 περὶ
919 899 1094 980 ἀνθρώπου
1113 903 1268 980 γενέςεως
1287 902 1337 966 καὶ

163 991 322 1070 αὐξήςεως
352 988 424 1070 ἄχρι
456 991 571 1070 γήρως.
619 992 739 1070 βρέφος
772 993 830 1071 μὲν
861 989 923 1070 γάρ
956 991 1019 1056 ἐςτι
1048 993 1126 1071 κτλ,
1155 995 1239 1056 Euat.
1267 995 1336 1056 bre-

161 1083 240 1144 viter
264 1085 321 1144 sic:
435 1076 481 1144 ὠν
512 1081 570 1160 τὴν
597 1077 790 1145 ἀκολουθίαν
812 1077 962 1145 Ἀλεξίων
990 1081 1190 1160 ἐκτιθέμενος
1219 1078 1336 1159 γράφει

162 1168 280 1233 οὕτως·
306 1169 426 1249 βρέφος
444 1170 508 1232 κτλ.
546 1173 699 1234 Alexionis
724 1175 896 1250 excerptum
921 1193 988 1234 cum
1006 1173 1038 1232 M
1062 1177 1093 1234 et
1111 1173 1196 1234 Euat.
1214 1193 1244 1249 p.
1264 1175 1337 1247 727,

164 1265 204 1321 14
224 1262 288 1321 fere
303 1262 448 1339 congruit,
462 1261 522 1321 nisi
535 1263 615 1339 quod
630 1263 792 1338 disputatio
806 1263 844 1322 do
859 1256 923 1322 ἀπό
937 1263 1158 1339 praepositione
1173 1266 1204 1322 et
1218 1263 1337 1338 glossae

161 1347 283 1426 ἱππεῖς,
308 1345 513 1426 ἱππαγρέται,
536 1345 687 1427 νυμφίος,
721 1349 841 1427 πατήρ,
870 1346 951 1427 ἀνὴρ
976 1349 1050 1413 νέος
1079 1351 1117 1411 ab
1142 1351 1194 1411 illo
1218 1351 1338 1412 absunt.

163 1440 243 1516 quod
262 1457 297 1500 ex
316 1441 371 1499 hoo
390 1458 537 1500 consensu
556 1440 678 1517 collegit
695 1441 854 1501 Frcsenius
875 1431 918 1520 (p.
934 1433 1000 1520 25),
1019 1442 1095 1500 hano
1113 1443 1229 1516 partem
1247 1440 1337 1501 hodie

120 1571 125 1582 .
162 1547 216 1588 nos
234 1528 278 1588 ita
296 1529 359 1589 fere
379 1530 493 1607 legere,
511 1532 547 1588 ut
565 1549 600 1590 ex
619 1529 712 1606 ipsius
732 1530 886 1605 scriptoris
910 1548 1001 1589 manu
1019 1529 1176 1608 prodierit,
1196 1530 1335 1606 equidem

161 1617 290 1694 probare
307 1636 432 1695 nequeo.
469 1621 555 1680 recte.
573 1619 698 1679 dixisset
716 1618 889 1696 Praesume,
914 1620 940 1678 si
958 1620 1025 1694 ipsa
1042 1617 1166 1696 Didymi
1185 1615 1336 1695 (ύμμικτα

163 1707 219 1766 hoc
237 1707 302 1767 loco
321 1707 509 1768 haberemus.
545 1707 629 1784 atqui
644 1701 821 1782 ςυμμίκτων
840 1707 991 1784 epitomen
1008 1710 1129 1768 tuntum
1147 1708 1292 1768 habemus
1307 1711 1338 1768 et

162 1813 200 1855 ne
219 1813 285 1855 eam
300 1794 421 1872 quidem
441 1797 493 1856 sed
508 1798 679 1872 excerptum
699 1813 735 1856 ex
752 1798 888 1874 epitome.
921 1799 1023 1873 itaque
1042 1816 1101 1856 non
1120 1796 1238 1874 mirum,
1258 1797 1337 1873 quod

162 1887 249 1945 tauto
269 1903 358 1962 opere
377 1904 444 1946 oum
464 1889 602 1961 excerpto
621 1887 834 1962 M-oonspirat.
871 1887 1022 1946 refutatur
1040 1885 1164 1946 Ilreseni
1188 1886 1337 1946 sententia

163 1993 197 2034 eo
216 1975 359 2048 maxime,
382 1975 463 2051 quod
481 1975 513 2033 in
535 1975 591 2034 hac
610 1979 696 2051 parte
719 1978 855 2036 veterum
875 1976 1055 2051 scriptorum
1078 1974 1251 2036 testimonia
1274 1976 1336 2035 fere

162 2063 246 2122 nulla
265 2066 393 2137 exstant,
412 2083 480 2124 cum
498 2062 715 2140 Aristophanes
734 2063 897 2140 Byzantius
915 2064 990 2123 nihil
1013 2063 1078 2123 fere
1096 2062 1250 2142 scripserit
1269 2064 1333 2124 sine

163 2153 352 2214 testimoniis.
383 2153 415 2212 in
429 2153 460 2210 M
479 2153 511 2212 et
528 2153 559 2211 in
578 2153 731 2213 Alexionis
750 2157 889 2229 excerpto
907 2153 1082 2215 testimonio
1098 2154 1217 2213 desunt.
1249 2153 1335 2213 Eust.

162 2261 190 2317 p.
211 2244 288 2319 727,
310 2244 348 2301 21
374 2260 467 2300 unum
489 2241 595 2302 laudat
614 2241 830 2302 Callimachum
854 2242 891 2302 ad
914 2243 1046 2320 glossam
1065 2235 1245 2317 ἀπότριχες.
1282 2243 1334 2302 sed

162 2331 305 2392 hocloco
330 2322 403 2412 (quo
427 2331 539 2406 optime
563 2348 631 2391 oum
654 2331 686 2390 M
708 2324 850 2412 concinit)
877 2350 937 2392 non
963 2331 1063 2392 omnia
1086 2349 1118 2392 se
1141 2332 1335 2408 descripsisse

163 2437 239 2495 quae
266 2419 298 2478 in
326 2420 490 2496 exemplari
518 2439 572 2480 suo
599 2421 688 2498 legit,
717 2419 782 2496 ipse
810 2421 995 2481 demonstrat
1022 2441 1050 2497 p.
1076 2423 1178 2498 1720,
1204 2423 1260 2498 25,
1283 2420 1337 2479 ubi

162 2509 396 2583 disputationem
411 2510 448 2569 ds
462 2508 616 2570 adiectivis
631 2527 698 2569 oum
712 2503 777 2569 ἀπό
796 2509 1015 2587 praepositione
1029 2509 1202 2585 compositis
1217 2509 1336 2570 accura-

162 2595 224 2656 tius
257 2600 396 2674 repeteus
423 2591 558 2672 ἄπιχθυς
586 2599 765 2659 vocabulum
796 2598 969 2660 testimonio
1002 2600 1090 2658 ornat
1118 2617 1153 2658 ex
1183 2597 1335 2675 Euripidis

163 2686 330 2746 Erechtheo
348 2687 453 2762 petito.

251 2774 463 2852 Aristophanis
482 2776 581 2852 copias
601 2779 636 2836 ut
660 2776 693 2835 in
710 2777 807 2853 capite
826 2772 983 2852 περὶτῶν
1002 2769 1275 2852 ὑποπτευομένων
1293 2777 1336 2837 ite

162 2864 300 2924 hocloco
320 2865 481 2940 aDidyrno
496 2866 657 2926 exhaustas
675 2866 820 2928 videmus.
853 2867 904 2926 sed
923 2883 1000 2942 quae
1018 2866 1050 2925 in
1069 2866 1122 2926 illo
1137 2866 1233 2942 capite
1248 2868 1335 2928 erant

162 2956 310 3014 tractatae
328 2955 497 3029 glossarum
516 2961 626 3014 natura
644 2954 770 3032 ferebat,
789 2959 824 3016 ut
841 2955 874 3014 in
891 2956 1132 3032 hypomnematis
1151 2957 1183 3014 et
1200 2956 1232 3013 in
1251 2951 1334 3017 λέξει

162 3044 280 3124 κωμικῇ
303 3042 450 3120 Didymus
473 3061 524 3103 eas
548 3044 721 3120 attingeret.
764 3061 799 3104 ea
823 3061 895 3105 vero
919 3062 996 3121 quae
1018 3044 1075 3104 hoo
1098 3043 1195 3120 capite
1219 3043 1336 3104 Aristo·

162 3133 276 3206 phanes
301 3132 453 3192 enarravit
477 3151 532 3192 neo
558 3133 590 3192 in
613 3133 853 3210 hypomnematis
877 3151 932 3194 nec
958 3135 989 3193 in
1012 3131 1132 3196 λέξεων
1161 3133 1335 3194 collectione

163 3220 251 3280 certis
279 3220 389 3282 finibus
418 3221 642 3298 circumscripta
674 3223 773 3283 locum
803 3223 955 3283 habebant
988 3223 1142 3298 idoneum3
1174 3222 1276 3298 itaque
1303 3222 1334 3281 in

163 3309 422 3369 Miscellanoorum
441 3311 549 3370 librum
569 3311 690 3388 recepit.
721 3332 794 3372 num
812 3330 890 3388 quae
908 3312 967 3371 alia
981 3310 1204 3387 Aristophanes
1222 3311 1332 3371 ibidem

163 3397 341 3475 exstiterint,
359 3417 482 3474 prorsus
500 3399 648 3460 incertum
667 3404 727 3475 est,
746 3402 887 3477 quoniam
906 3395 1088 3475 ςυμμίκτων·
1101 3400 1172 3460 libri
1190 3401 1334 3460 memoria

162 3487 245 3547 nullo
265 3487 324 3548 alio
347 3488 519 3549 testimonio
543 3487 581 3548 ad
598 3508 652 3549 nos
675 3494 841 3567 propagat-a
860 3481 961 3570 eet.³⁶)
998 3508 1037 3548 ne
1058 3490 1114 3550 boo
1137 3487 1258 3566 quidem
1280 3508 1334 3566 pro

162 3580 244 3638 certo
266 3580 368 3653 potest
390 3577 548 3653 affirmari,
571 3581 707 3639 totumne
731 3581 821 3656 caput
844 3575 916 3653 περὶ
936 3573 1110 3654 ὀνομαςίας
1132 3575 1263 3654 ἡλικιῶν
1286 3578 1334 3638 de-

163 3667 316 3742 scripserit
334 3666 480 3743 Didymus
500 3685 539 3726 an
556 3667 684 3744 primam
703 3670 822 3736 tantum
839 3670 965 3745 partem.

252 3755 371 3816 Tertius
393 3758 474 3832 fone,
497 3756 549 3816 ubi
571 3751 715 3832 ὀνόματα
737 3754 868 3833 ἡλικιῶν
896 3759 1035 3818 continuo
1059 3759 1264 3836 recensentur,
1288 3759 1334 3818 est
1395 3825 1397 3829 ,

164 3893 376 3904 ———-——-.

236 3976 270 4047 εὖ)
288 3977 330 4031 Ex
344 3977 463 4036 tirannio
477 3977 597 4036 Philone
611 3997 671 4036 esse
686 3980 760 4036 hunc
779 3981 873 4037 locum
887 3981 1103 4037 Eustathianum
1123 4011 1157 4020 -
1176 3997 1232 4050 qua
1251 3980 1285 4035 de
1304 3997 1334 4035 re

162 4048 292 4106 dubitare
317 4065 373 4104 nou
398 4051 518 4107 debebat
543 4050 688 4119 Freeenius
711 4081 745 4092 -
769 4053 850 4124 patet
873 4069 907 4108 ex
929 4053 1087 4124 fragmento
1116 4051 1193 4107 illius
1217 4051 1248 4106 iu
1273 4052 1333 4108 ood.

162 4123 258 4177 Ambr.
277 4119 307 4175 O.
322 4125 373 4175 222
392 4121 442 4178 inl.
460 4125 571 4178 servato
590 4122 636 4194 (oi.
656 4123 719 4178 Keil
737 4123 808 4179 ltus.
827 4124 916 4180 Rhen.
934 4141 998 4180 nov.
1017 4124 1123 4179 vlnus
1143 4123 1202 4178 sive
1221 4122 1332 4178 Ritsohl

161 4193 262 4262 Opuso.
281 4193 294 4246 l
314 4195 373 4245 198.
410 4190 520 4247 Fresen.
538 4213 565 4264 p.
585 4199 620 4249 53
642 4213 669 4251 n.
689 4197 725 4263 2).
763 4194 892 4250 omnibus
916 4195 989 4250 enim
1015 4195 1085 4250 locis
1108 4193 1158 4248 ubi
1181 4211 1245 4248 oum
1264 4195 1332 4247 Am-

160 4263 255 4320 monio
280 4262 423 4333 conspirat
445 4263 596 4320 Erenuium
619 4265 769 4321 Philonem
788 4266 952 4322 Eustathius
978 4266 1110 4335 sequitur.
1136 4297 1169 4306 -
1200 4265 1234 4334 ³⁰)
1258 4265 1333 4319 Num

160 4342 350 4401 ςυμποςιακων
369 4337 398 4390 et
411 4333 567 4401 copularum
585 4337 651 4392 libri
667 4338 743 4392 idem
761 4353 832 4407 opus
850 4337 956 4393 fuerint
971 4337 1058 4407 (quod
1074 4336 1203 4392 Schmidt
1217 4336 1330 4406 Didym.

160 4406 211 4474 lrg.
230 4425 258 4477 p.
278 4412 329 4462 378
349 4406 461 4476 statuit)
484 4405 589 4461 dubito.
621 4409 721 4464 titulus
745 4410 775 4463 ἐν
797 4415 833 4479 τῇ
853 4416 959 4479 κωμικῇ
983 4410 1052 4464 λέξει
1069 4415 1105 4479 τῇ
1132 4407 1273 4478 ςυμμίκτιρ
1293 4411 1330 4478 (ν.

160 4493 220 4547 sup.
239 4497 265 4548 p.
284 4483 347 4548 298)
366 4478 435 4547 quid
454 4477 507 4533 sibi
526 4477 604 4545 velit,
623 4480 714 4534 adhuc
733 4481 785 4535 sub
804 4480 895 4536 iudice
914 4480 949 4535 lie
971 4484 1024 4538 eet.

1066 4569 1121 4624 20*
