3102 5158
156 277 196 332 ne
211 277 400 349 Aristophane
415 276 550 348 symea
565 278 594 332 a
606 277 739 332 Suetonio
754 275 918 347 nmquam
929 275 1058 332 nasathi
1071 275 1240 332 ausaritis.
1260 275 1324 342 331
1438 237 1440 243 ¹

155 447 264 524 hardy,
279 446 510 507 Eratosthenioa
523 467 550 522 p.
566 449 639 508 214.
658 446 813 522 Stojentin,
829 447 865 505 de
879 445 1009 506 Pollucis
1024 446 1201 505 auctoritate
1216 467 1244 521 p.
1256 440 1326 524 69):

154 537 247 612 Harp.
269 556 291 596 s.
307 556 333 596 v.
352 530 501 597 δεκάζων.
520 537 578 596 lex.
593 534 734 596 Cantabr.
749 554 772 596 s.
786 556 814 595 ν.
834 531 935 596 Λύκος
953 531 1047 609 ἥρως.
1065 535 1122 594 lex.
1141 535 1217 596 rhet.
1231 535 1326 597 Bekk.

156 629 229 699 236,
250 628 278 685 3.
304 625 394 685 sohol.
412 625 519 684 Aesoh.
540 624 615 685 Tim.
631 627 682 686 84.
708 625 815 684 Zenob.
834 625 862 682 V
878 627 895 683 2
917 617 975 697 (ε
994 624 1124 700 Hesyoh.
1138 616 1240 682 Phot²
1259 642 1281 685 s.
1297 645 1325 684 τ.

154 711 259 776 Λύκου
278 708 394 793 δεκάς).
414 713 521 773 Pollux
535 713 609 772 VIII
627 716 697 773 121.
731 713 855 772 Suetoui
868 713 1101 789 disputationem
1115 712 1202 772 nimis
1222 713 1327 772 desur-

154 808 250 865 tatam
270 803 411 863 exhibent
431 803 499 861 llL:
519 798 623 863 Λύκου
643 797 750 863 δεκάς
770 797 789 862 δ
808 797 981 876 προδιδοὺς
999 797 1056 861 τὰς
1070 797 1234 863 ύποθέςεις
1255 818 1325 862 ςυν-

155 891 281 968 ήγορος.
314 886 333 951 6
357 887 454 952 αὐτὸς
473 887 524 950 καὶ
543 886 727 966 λιθωμότης.
761 886 938 966 λιθωμότης
962 890 1040 951 idem
1059 889 1228 968 significare
1246 892 1326 968 quod

155 979 258 1044 Λύκου
277 978 371 1042 δέκας
389 1000 477 1041 nemo
496 981 573 1041 alius
592 981 724 1041 tradidit.

242 1071 278 1129 In
300 1070 444 1129 Eustathi
465 1071 539 1129 loeis
564 1069 705 1132 Suetonio
725 1070 918 1146 ¹assignandis
946 1087 1036 1146 quam
1063 1071 1150 1128 eante
1172 1069 1322 1146 agendum

156 1161 205 1237 sit,
224 1160 393 1235 exemplum
412 1160 499 1218 docet
516 1160 635 1236 glossae
654 1152 879 1234 ἀρχολίπαρος.
917 1157 1090 1233 conspirant
1116 1158 1196 1218 inter
1218 1177 1250 1218 se
1269 1159 1325 1217 ML

154 1251 202 1312 nt
220 1249 281 1325 Mg.
303 1250 375 1326 151,
395 1251 445 1308 35.
475 1247 561 1309 Euat.
579 1269 606 1324 p.
627 1251 701 1322 210,
721 1251 771 1309 47.
808 1249 885 1308 alter
908 1267 979 1308 vero
1002 1247 1085 1307 loeus
1104 1247 1324 1306 Eustathianus

155 1358 244 1414 quem
263 1338 403 1414 apposuit
421 1336 595 1411 Fresenius,
617 1358 644 1414 p.
667 1339 761 1411 1430,
781 1339 837 1409 27,
861 1356 880 1396 a
898 1335 1039 1398 Suetonio
1063 1337 1260 1397 removendus
1279 1340 1327 1396 est
1364 1413 1368 1420 Ι

155 1428 264 1504 quippe
279 1447 295 1486 e
309 1426 403 1488 lexico
417 1425 565 1486 rhetorico
580 1426 739 1505 deduotus;
753 1427 850 1504 magIs
866 1426 944 1486 enim
955 1425 1083 1486 concinit
1096 1445 1163 1485 oum
1174 1425 1325 1502 Hesychia
1369 1419 1374 1428 “

155 1535 246 1592 quem
263 1536 331 1576 oum
349 1515 504 1576 Suetonio:

198 1624 283 1684 Eust.
298 1645 327 1699 p.
344 1626 437 1697 1430,
454 1627 495 1684 27
516 1619 620 1685 ἰςτέον
639 1620 674 1683 δὲ
689 1617 739 1683 δτι
758 1669 810 1684 ...
828 1617 924 1697 ἀρχο-
964 1616 1325 1700 Ηοεροῦαρχολίπαροι·

155 1708 285 1787 λίπαροι
321 1708 360 1772 οὐ
399 1707 500 1787 μόνον
534 1708 566 1772 οἱ
608 1711 832 1787 λιπαροῦντες,
872 1708 926 1773 ἵνα
954 1706 985 1772 οἱ
1026 1710 1237 1785 λιπαροῦντες
1272 1708 1326 1770 ἵνα

154 1795 302 1876 ἄρξωςιν,
328 1795 412 1861 ἀλλὰ
435 1798 486 1861 καὶ
510 1796 541 1862 ολ
564 1796 784 1877 λιπαινόμενοι
808 1798 844 1862 ἐκ
866 1801 926 1862 τοῦ
955 1795 1098 1875 ἄρξωςιν,
1112 1799 1131 1875 ἢ
1146 1796 1182 1861 ἐκ
1195 1800 1254 1860 τοῦ
1269 1794 1324 1874 ἄρ-

156 1884 274 1964 ἄρχειν.
956 1905 1024 1964 χειν
1043 1884 1272 1964 λιπαινόμενοι.

155 1998 236 2058 Suet.
256 1990 327 2079 (ML
347 1999 396 2057 nt.
416 1999 477 2075 Mg.
496 1999 583 2058 Eust.
602 2019 630 2074 p.
647 2000 719 2071 210,
735 1990 792 2078 47)
812 1991 1042 2072 ἀρχολίπαρος·
1062 1991 1081 2056 6
1100 1995 1253 2072 λιπαρῶν,
1271 1991 1326 2056 ἵνα

154 2080 254 2162 ἀρχῆς
272 2082 368 2165 τύχῃ·
391 2085 411 2161 ἢ
431 2082 450 2146 6
469 2083 505 2146 ἐκ
527 2087 585 2146 τοῦ
605 2080 714 2161 ἄρχειν
733 2081 974 2160 λιπαινόμενος·
1001 2079 1020 2144 6
1039 2080 1136 2146 αὐτὸς
1158 2082 1210 2145 καὶ
1229 2079 1325 2160 ἀρχο-

155 2171 339 2249 γλυπτὰδης
359 2170 378 2235 6
397 2170 533 2251 ὡςπερεὶ
552 2172 688 2251 γλύφων
706 2172 762 2235 τὰς
781 2170 889 2250 ἀρχάς.

245 2270 273 2327 7.
300 2261 358 2325 Εἰς
378 2262 527 2340 μωροὺς
546 2261 606 2324 καὶ
625 2260 786 2340 εὐήθεις.
820 2264 899 2324 Satis
918 2265 1011 2324 bonas
1030 2265 1120 2324 huius
1134 2264 1240 2339 capilis
1258 2264 1326 2323 reli-

155 2355 239 2431 quias
259 2354 404 2413 habemus
421 2355 501 2430 apud
515 2355 601 2416 Euat.
614 2375 644 2430 p.
657 2356 750 2428 1669,
761 2356 814 2428 43,
833 2354 886 2413 uhi
900 2373 976 2429 quae
991 2353 1153 2414 Suetonius
1167 2353 1204 2412 de
1219 2353 1325 2414 stulto·

154 2463 221 2502 rum
249 2443 388 2503 convIoiis
421 2462 439 2502 a
464 2443 594 2520 propriis
621 2443 789 2504 nominibus
818 2443 961 2502 derivatis
991 2437 1042 2520 (de
1065 2442 1166 2501 Sanno
1194 2440 1325 2502 Gonoebo

155 2532 284 2609 Margite
298 2525 381 2610 eliis)
395 2531 603 2608 disputaverat
616 2535 759 2609 congesta
777 2537 854 2593 sunt.
879 2532 909 2590 M
922 2532 1040 2608 glossas
1055 2530 1176 2591 exhibet
1189 2530 1326 2606 sedenim,

153 2621 212 2697 frg.
234 2621 330 2680 Paris.
354 2620 428 2680 duas
451 2618 576 2696 κέπφος
600 2619 634 2700 (ἓ
654 2615 711 2701 20)
740 2623 772 2679 et
794 2615 935 2695 ἄγγαρος
959 2614 994 2702 (ἓ
1015 2615 1081 2698 21).
1122 2618 1268 2679 accedunt
1290 2638 1325 2678 ex

153 2710 313 2792 Eustathio
333 2703 432 2783 λάρος
455 2703 497 2787 (p.
519 2710 618 2786 1522,
639 2702 772 2792 55)¹⁰⁵)‚
799 2704 921 2770 (ἀννας
939 2702 981 2788 (p.
1004 2711 1102 2783 1669,
1122 2701 1195 2790 43),
1217 2704 1325 2769 Πολύ-

155 2798 259 2874 δωρος
277 2789 390 2880 (ibid).
398 2791 449 2877 106)
481 2798 594 2859 omittIt
612 2799 698 2860 Euat.
718 2797 841 2874 λέμφος
848 2791 909 2880 ¹⁰⁷),
925 2792 1066 2874 ἄγγαρος
1074 2790 1136 2881 ¹⁰⁸),
1155 2792 1265 2872 Λάμια
1272 2789 1325 2878 ¹⁰⁹)

244 2891 272 2948 8.
302 2883 360 2949 Εἰς
383 2884 604 2964 πρεςβύτας.
650 2888 755 2948 Plures
784 2888 873 2947 huius
896 2889 1001 2964 eapitis
1025 2889 1143 2964 glossas
1170 2906 1231 2946 una
1258 2905 1325 2946 eou-

153 2979 250 3054 gessit
267 2978 351 3036 Επεὶ.
371 2997 400 3053 p.
417 2979 511 3053 1330,
528 2979 578 3036 12.
599 2979 693 3050 1431,
709 2963 759 3038 39.
786 2978 880 3050 1828,
901 2979 928 3036 9.
956 2977 1065 3054 viginti
1080 2980 1196 3052 septem
1209 2976 1325 3051 glossas

155 3067 275 3126 exhibet
289 3067 328 3127 M.
355 3066 439 3126 addit
458 3067 544 3127 nuso.
565 3063 720 3142 ςορέλλην
735 3057 778 3144 (p.
795 3058 967 3145 133012),
986 3065 1099 3126 omittit
1113 3060 1225 3140 Τηθύς,
1241 3060 1325 3138 κνίψ.

243 3155 286 3214 De
313 3153 436 3231 Κυβήβη
465 3159 495 3216 et
522 3151 625 3230 Τηθύς
658 3173 770 3214 anuum
797 3155 935 3214 oonmefis
962 3155 994 3213 in
1020 3155 1051 3213 M
1079 3156 1151 3215 haee
1183 3154 1325 3230 legimus:

217 3242 276 3318 τὴν
295 3241 330 3303 δὲ
349 3243 452 3318 γραῦν
471 3239 589 3318 ὁμοίως
613 3236 658 3303 δι’
676 3237 872 3318 ἀρχαιότητα
895 3240 1013 3318 κύβηκα
1032 3239 1084 3302 καὶ
1101 3239 1200 3317 τηθὺν
1219 3238 1326 3303 ἐκάλει

154 3326 290 3416 (videtur
307 3351 416 3391 nomen
433 3336 539 3409 poetae
557 3328 725 3410 excidisse).
757 3352 811 3408 pro
829 3329 948 3407 κύβηκα
967 3335 1106 3407 corrupto
1124 3332 1231 3391 Nauok
1251 3323 1325 3412 (Μῦ-

152 3424 258 3499 langes
282 3419 530 3480 asco-mnsam
553 3415 698 3500 111171)
722 3421 911 3480 scribendum
935 3440 1001 3482 esse
1023 3420 1148 3480 coniecit
1172 3417 1325 3495 Κυβήβην,

153 3517 187 3572 ut
206 3505 309 3570 ‘deum
328 3503 442 3569 mater'
460 3529 534 3569 anus
552 3510 648 3570 iooose
667 3511 824 3570 diceretur.
863 3529 939 3586 quae
962 3511 1133 3571 coniectura
1151 3508 1323 3584 comproba·

152 3605 203 3660 tur
221 3598 363 3660 Eustathi
381 3599 445 3660 loeo
464 3619 492 3674 p.
505 3601 599 3675 1431,
612 3602 663 3659 39.
692 3618 780 3674 quem
799 3600 897 3658 locum
911 3603 1016 3676 utpote
1034 3600 1162 3658 maxime
1181 3617 1322 3658 memora·

152 3689 245 3748 bilem
262 3689 300 3748 ed
319 3688 462 3748 Eustathi
480 3688 627 3749 rationem
650 3688 860 3748 illustrandam
879 3689 1049 3749 aoouratius
1071 3691 1203 3748 tractare
1221 3686 1323 3747 liceat:

228 3892 273 3962 105)
292 3895 381 3962 Λάρος
399 3893 567 3949 vocabulum
581 3893 656 3963 apud
670 3893 849 3948 Eustathium
868 3895 929 3948 arte
948 3893 1127 3948 coniunctum
1145 3911 1210 3948 eum
1224 3892 1324 3964 glossis

153 3965 259 4031 κέπφας
287 3964 360 4019 ὦτος
387 3982 404 4018 a
432 3965 563 4020 Fresenio
591 3967 734 4033 receptum
766 3981 823 4019 non
851 3981 910 4019 esso
942 3964 1036 4020 miror.
1077 3965 1112 4019 of.
1141 3964 1227 4019 sohol.
1257 3963 1323 4018 Luo.

153 4035 283 4090 Tim.12.
307 4066 340 4075 -
368 4036 413 4102 ¹⁰⁶)
432 4038 605 4104 Πολύδωρος
628 4053 678 4105 pro
695 4037 850 4103 Πολῦωρας
872 4035 1047 4091 scribendum
1067 4039 1109 4090 est
1128 4035 1191 4091 coll.
1210 4035 1270 4090 Ael.
1289 4035 1324 4089 V.

152 4107 186 4161 H.
197 4105 263 4160 XIII
275 4111 315 4160 15.
343 4110 410 4176 post
427 4108 598 4176 Polydorum
615 4107 651 4161 de
665 4107 721 4161 alio
740 4107 861 4175 quodam
875 4107 1000 4177 quuitur
1020 4106 1105 4176 Euat,
1124 4107 1202 4160 ouius
1221 4123 1323 4161 nomen

152 4177 264 4233 excidit
302 4176 420 4233 fortasse
439 4178 551 4234 Butalio
574 4178 779 4248 intellegendus
798 4182 854 4244 est,
876 4178 912 4232 of.
937 4178 1023 4233 sohol.
1048 4178 1094 4232 Ar.
1113 4177 1187 4233 Plut.
1209 4184 1269 4233 990.
1289 4208 1322 4217 -

157 4250 201 4318 ¹⁰⁷)
221 4249 250 4303 P.
269 4255 392 4316 1761,16
410 4250 515 4317 λέμφος
529 4249 606 4304 Euat.
622 4267 654 4303 ex
670 4249 857 4318 Aristophane
872 4249 1008 4319 Byzantio
1023 4247 1206 4319 deprompsit.
1221 4267 1245 4304 v.
1262 4267 1323 4318 sup.

152 4339 179 4390 p.
199 4326 259 4374 290.
285 4352 316 4360 -
346 4320 391 4389 ¹⁰⁸)
415 4321 552 4388 Ἀγγαρος
574 4321 609 4375 ab
633 4320 782 4376 Eustathio
805 4339 832 4390 p.
855 4326 923 4376 1854
947 4338 980 4374 ex
1004 4319 1085 4376 Aelio
1104 4319 1239 4389 Dionysio
1259 4319 1322 4373 illu-

153 4392 264 4447 stratur.
280 4423 314 4432 -·
337 4392 381 4461 ¹⁰⁹)
401 4393 497 4459 Λαμνὴ
512 4390 541 4445 in
556 4391 585 4444 M
604 4395 765 4462 corruptum
780 4396 835 4447 est:
855 4393 944 4458 Λάμια
957 4392 1133 4447 scribendum
1148 4408 1208 4446 esse
1223 4391 1323 4460 proba·

152 4461 249 4518 biliter
263 4462 383 4519 eonieoit
394 4462 495 4519 Miller.
506 4461 541 4519 ef.
552 4462 639 4519 schol.
650 4465 696 4518 Ar.
706 4463 771 4518 Pae.
783 4469 842 4520 758.
862 4463 944 4534 Vesp.
957 4469 1034 4520 1035.
1048 4464 1168 4536 Hesyoh.
1177 4462 1259 4522 Phot.
1270 4481 1290 4520 s.
1298 4481 1322 4519 v.
