3102 5158
231 234 295 302 328
699 235 824 308 Leopold
843 237 935 297 Ochos

233 410 332 468 cetera
351 409 512 468 secundum
531 409 614 470 varia
637 407 791 469 hominum
812 407 1107 486 βλαςφημουμένων
1126 429 1237 488 genera
1255 409 1287 470 in
1303 411 1406 487 capita

230 497 428 574 disposuerat,
448 502 574 574 quorum
594 499 624 556 M
644 498 765 558 exhibet
787 501 1026 574 quattuordecim
1047 496 1088 561 sic
1106 501 1265 576 inscripta:
1288 505 1316 562 1.
1335 495 1405 561 Ἐπὶ

233 581 361 660 ἀνδρῶν
376 581 572 648 ἀκολάςτων.
606 591 634 647 2.
652 580 719 647 Ἐπὶ
733 588 903 659 γυναικῶν.
932 593 960 650 3.
980 584 1047 650 Ἐπὶ
1062 587 1334 668 έκδεδιῃτημένων
1352 587 1406 649 καὶ

232 672 485 751 ἐξηταιρημένςυν
501 667 655 761 ἀρρένων
685 678 714 735 4.
734 672 783 736 Εἰς
798 675 969 753 πονηρούς.
999 682 1027 739 6.
1044 676 1096 740 Εἰς
1111 673 1279 741 ἀλαζόνας.
1305 681 1335 739 6.
1354 675 1405 738 Εἰς

233 760 406 838 ἀγοραίους
425 763 476 826 καὶ
495 756 767 840 πολυπράγμονας
786 764 837 826 καὶ
856 767 1126 844 φιλεγκλήμονας.
1161 771 1188 828 7.
1208 765 1257 828 Εἰς
1276 765 1405 842 μωροὺς

233 851 284 914 καὶ
302 849 434 930 εὐήθεις.
468 859 497 916 8.
517 852 566 916 Εἰς
585 851 769 931 πρεςβύτας.
804 861 832 917 9
853 854 903 918 Εἰς
921 853 1098 932 ἀγροίκου(
1128 860 1178 918 10.
1198 852 1247 917 Εἰς
1263 853 1405 917 εὐτελεῖς

234 939 434 1018 ςτρατιώτας.
466 949 516 1007 11.
536 941 585 1005 Εἰς
600 939 789 1021 ἀπλήςτους.
819 949 868 1006 12.
888 943 938 1006 Εἰς
953 943 1098 1007 δούλους.
1134 949 1184 1006 13.
1206 941 1404 1020 Βλαςφημίαι

236 1027 300 1092 ἀπὸ
316 1029 420 1094 ἐθνῶν
439 1031 490 1093 καὶ
509 1029 639 1095 πόλεων
654 1030 704 1094 καὶ
724 1033 842 1110 δήμων.
882 1039 931 1097 14.
952 1030 1149 1112 Βλαςφημίαι
1167 1029 1232 1094 ἀπὸ
1252 1030 1404 1109 ἀριθμῶν.

321 1123 358 1182 In
373 1118 457 1183 libris
472 1124 528 1182 ML
544 1126 682 1200 excerpta
696 1123 878 1186 Suetoniana
896 1125 963 1201 pari
977 1125 1169 1202 neglegentia
1182 1127 1273 1200 atque
1287 1122 1406 1182 Aristo-

233 1213 351 1288 phaneo
370 1213 481 1288 scripta
499 1216 577 1272 sunt.
613 1214 771 1288 permultis
795 1214 867 1274 locis
886 1234 983 1288 meras
1002 1215 1119 1292 glossas
1137 1213 1265 1290 legimus
1285 1213 1404 1272 omissis

233 1301 447 1362 vocabulorum
460 1303 707 1379 interpretatione
721 1306 752 1362 et
769 1304 891 1381 origine,
912 1305 1092 1380 scriptorum
1106 1302 1278 1362 testimonia
1292 1321 1404 1378 magna

234 1411 301 1451 cum
329 1392 499 1468 diligentia,
528 1395 562 1452 ut
590 1392 720 1466 videtur,
750 1413 769 1451 a
798 1393 938 1454 Suetonio
967 1397 1088 1454 enotata
1115 1393 1257 1469 pleraque
1286 1392 1404 1451 desunt.

194 1487 196 1491 ’
235 1482 448 1558 Fragmentum
471 1481 641 1541 Parisinum
665 1501 716 1542 sex
739 1485 858 1542 tantum
881 1483 996 1560 glossas
1021 1482 1165 1543 servavit:
1205 1478 1316 1555 Κήλων
1334 1472 1405 1558 (1.),

236 1567 369 1645 κέπφος,
389 1563 530 1644 ἄγγαρος
549 1562 618 1651 (7.),
636 1566 808 1646 τρίπρατος
827 1565 918 1653 (12),
937 1569 1105 1646 τριπέδων,
1124 1565 1292 1645 τρίδουλος
1311 1561 1405 1651 (14.)

235 1660 412 1720 Eustathius
432 1661 564 1719 omnium
588 1658 724 1740 (excepto
749 1653 877 1742 decimo)
902 1663 1032 1737 capitum
1056 1662 1172 1738 glossas
1196 1660 1340 1735 quasdam
1360 1660 1405 1718 ita

234 1749 401 1810 illustravit
414 1750 463 1809 vel
477 1749 662 1824 memoravit,
678 1753 714 1809 ut
728 1751 903 1828 plerumque
918 1755 1090 1826 excerptum
1104 1748 1161 1808 ML
1177 1749 1323 1824 suppleat,
1337 1767 1405 1807 cum

238 1840 407 1914 glossarum
421 1839 624 1899 enarrationes
639 1839 921 1916 observationesque
938 1840 1069 1900 adiectas
1084 1843 1115 1898 et
1133 1839 1310 1913 scriptorum
1324 1837 1405 1896 locos

236 1929 403 1987 accuratius
418 1928 617 2003 descripserit
645 1928 821 1988 Suetonium
835 1948 906 1990 vero
924 1932 971 1990 tot
988 1929 1060 1988 locis
1075 1947 1093 1988 a
1112 1947 1144 1988 se
1158 1927 1325 1987 adhibitum
1339 1945 1405 1985 esse

236 2019 333 2077 noluit
349 2016 497 2094 profiteri,
521 2017 696 2094 plerumque
715 2017 896 2078 Suetoniana
914 2021 1067 2094 tamquam
1091 2037 1145 2077 sna
1164 2017 1291 2094 profert,
1316 2034 1406 2090 saepe

237 2127 319 2167 more
338 2126 392 2168 suo
410 2104 486 2167 τοὺς
505 2103 661 2167 παλαιούς
680 2107 784 2167 laudat
803 2109 850 2168 vel
869 2108 1017 2167 similibus
1036 2107 1173 2166 formulis
1192 2097 1342 2186 utitur.⁹⁰)

326 2195 497 2256 Convicia
510 2196 699 2256 Homerica
709 2197 766 2256 ML
776 2197 932 2273 proferunt
946 2196 1108 2270 duodecim,
1124 2194 1301 2254 Eustathius
1311 2213 1404 2252 unum

238 2280 327 2346 ἅλιος
346 2306 363 2345 e
377 2284 518 2345 Suetonio
533 2286 717 2362 deprompsit
730 2307 758 2362 p.
774 2288 847 2359 441,
863 2289 903 2346 29
924 2281 1028 2346 ἰςτέον
1047 2283 1082 2344 δέ
1101 2279 1152 2344 καὶ
1169 2279 1217 2343 ὅτι
1238 2280 1405 2358 βλαςφη-

237 2370 322 2449 μίας
342 2370 454 2449 μόριον
473 2369 638 2434 παλαιός
655 2371 712 2435 τίς
731 2391 806 2450 φηςι
825 2371 875 2434 καὶ
890 2370 927 2434 τὸ
942 2369 1031 2434 ἅλιος
1050 2369 1147 2449 ῥηθέν
1161 2369 1247 2447 παρὰ
1260 2370 1319 2446 τὴν
1334 2367 1405 2446 ἅλα,

236 2459 274 2537 ἧς
292 2461 330 2525 τὸ
345 2460 432 2538 ὕδωρ
446 2459 568 2524 εἰκαῖόν
581 2481 612 2524 τι
627 2460 739 2539 ἐδόκει,
759 2461 834 2538 πρὶν
848 2461 867 2539 ἢ
882 2459 939 2523 τὰς
955 2465 1033 2538 νῆας
1048 2453 1316 2541 suessionum)
1339 2461 1406 2520 reli-

237 2572 296 2628 qua
314 2553 365 2613 ubi
379 2553 607 2630 interpretatur,
627 2554 739 2614 scholia
753 2554 925 2613 adhibuisse
940 2554 1091 2629 putandus
1107 2543 1209 2632 66699)
1246 2550 1405 2612 Suetonius

239 2643 317 2701 enim
331 2643 369 2702 de
387 2643 433 2701 his
447 2643 569 2702 vocibus
584 2643 752 2703 Homericis
767 2643 949 2719 explicandis
963 2661 1030 2702 oum
1045 2643 1164 2702 scholiis
1182 2643 1245 2700 fere
1260 2641 1406 2700 convenit.

238 2730 290 2790 sed
303 2732 475 2805 notandum,
494 2752 562 2791 eum
577 2733 857 2793 non-Aristarchum
873 2732 958 2807 sequi
972 2732 1024 2792 sed
1040 2732 1146 2808 quibus
1162 2730 1315 2790 adversari
1330 2729 1406 2789 solet

237 2821 429 2880 Aristarchus
452 2822 698 2898 glossographos:
728 2817 892 2897 ἁπτοεπής
920 2820 1025 2880 scribit
1047 2821 1219 2895 Suetonius,
1246 2813 1406 2878 ἀπτοεπές

237 2910 429 2970 Aristarchus
449 2905 553 2990 (schol.
574 2907 600 2970 Θ
621 2913 683 2971 209
710 2911 776 2972 coll
801 2911 850 2972 Et.
874 2911 935 2987 Mg.
956 2913 1028 2984 133,
1047 2911 1099 2971 43.
1126 2909 1226 2985 Apoll.
1244 2910 1300 2968 lex.
1319 2907 1405 2967 Hom.

238 3002 290 3073 40,
306 2991 377 3081 16);
396 2995 557 3074 μολοβρόν
572 3000 733 3060 Suetonius
753 3000 881 3075 explicat
896 3001 998 3060 eodem
1013 3000 1100 3059 modo
1120 3018 1178 3074 quo
1193 2998 1405 3073 Neoptolemus

237 3089 472 3164 glossographus
487 3089 586 3168 (Euat.
605 3109 634 3165 μ.
650 3093 745 3164 1817,
761 3093 801 3148 21
821 3091 888 3150 coll.
903 3089 993 3148 schol.
1010 3106 1027 3163 ρ
1044 3091 1115 3148 219.
1140 3087 1242 3163 Apoll.
1260 3088 1317 3148 lex.
1334 3087 1405 3158 113,

239 3172 308 3258 25);
326 3179 398 3238 item
417 3178 449 3236 in
467 3197 539 3238 voce
554 3175 630 3252 κέρα
644 3173 986 3254 dtbue'interpretanda
1001 3176 1160 3238 Suetonius
1175 3175 1406 3253 glossographus

237 3267 380 3343 sequitur,
400 3287 473 3344 quos
493 3268 636 3328 aoemime
655 3269 813 3345 impugnat
831 3267 1023 3328 Aristarchus
1044 3257 1149 3348 (schol.
1169 3262 1193 3327 A
1209 3268 1284 3328 386.
1307 3265 1406 3341 Apoll.

236 3358 369 3431 161698,
391 3351 454 3436 11).

327 3449 355 3506 1.
382 3443 447 3506 Επὶ
466 3441 615 3522 ἀνδρῶν
634 3440 867 3508 ἀκολάςτων.
899 3447 931 3505 Μ
950 3446 1072 3506 exhibet
1090 3446 1205 3522 glossas
1225 3442 1340 3519 κήλων,
1359 3437 1404 3502 οἰ-

237 3528 350 3610 φόλης,
370 3531 475 3611 Τιτάν,
495 3530 623 3611 λάγνης,
642 3532 772 3612 μάχλος,
791 3530 872 3610 Πάν,
893 3533 1079 3609 Κένταυρος.
1117 3535 1225 3612 quibus
1244 3553 1279 3592 ex
1298 3533 1405 3590 Eusta-

236 3625 300 3684 thio
330 3624 482 3685 addendae
511 3629 581 3686 sunt
608 3622 765 3701 φιλοίφας
789 3621 889 3707 (Euat
912 3646 941 3700 p.
962 3628 1061 3701 1697,
1082 3616 1197 3706 27)ο6
1222 3617 1405 3694 λάςταυρος.

308 3796 344 3866 99)
373 3796 475 3851 Omnes
502 3797 561 3851 fere
589 3796 697 3866 glossae
725 3795 909 3852 Suetonianas
938 3812 1001 3850 oum
1027 3793 1097 3851 locis
1124 3792 1330 3850 Eustathianie
1338 3793 1408 3876 'post

237 3867 396 3922 Nanckium
411 3871 440 3923 et
452 3867 594 3923 Millerum
614 3868 772 3938 composuit
786 3867 954 3950 Fresenius
946 3886 975 3921 m
994 3865 1148 3938 appendice
1164 3863 1407 3948 commentationis

238 3957 303 3994 suae
323 3941 360 4009 (p
378 3941 590 4010 129-1.-46)
557 3938 646 4009 -⁹¹)
666 3939 812 3996 Notandus
831 3941 875 3994 est
893 3939 979 3994 mirus
994 3953 1142 3994 consensus
1161 3937 1210 4006 qui
1229 3939 1273 3992 est
1291 3937 1366 3992 inter
1379 3936 1408 3988 M

237 4012 327 4066 etEt.
344 4011 421 4067 Sorb.
440 4011 540 4081 (Gaias.
559 4011 604 4065 Mt.
622 4009 679 4080 Mg.
699 4015 742 4080 64,
761 4017 819 4078 34μ

273 4084 318 4136 Et.
343 4083 421 4139 Sorb.
450 4085 527 4137 ἅλιον
550 4083 584 4137 τὸ
608 4030 725 4150 purgatior
749 4084 804 4138 ἀπὸ
826 4083 892 4194 τῆς(
940 4082 1013 4135 Μ.
1023 4081 1129 4137 ,ditor
1147 4081 1198 4135 τὸν
1217 4081 1333 4145 μάταιον
1352 4076 1406 4130 ἀπὸ

237 4155 303 4208 ἁλὸς
318 4156 449 4222 [γενικῆς]
470 4157 500 4208 ἐν
515 4154 630 4207 οὐδενὸς
643 4155 754 4226 λόγου(
745 4157 806 4226 (sic)
796 4158 877 4224 )-κει
903 4158 955 4221 τῆς
981 4123 1048 4207 tto<
1075 4155 1105 4206 ἐν
1133 4154 1225 4206 οὐδενὶ
1252 4151 1327 4219 λόγῳ
1353 4164 1405 4200 κει-

237 4229 345 4294 μένη(ς)
362 4226 417 4294 πρὸ
436 4231 487 4293 τῆς
504 4231 562 4280 των
580 4231 658 4291 νηων
677 4228 816 4294 εὑρέςεως.
842 4227 877 4279 τὸ
906 4227 990 4293 μένης
1007 4225 1061 4292 πρὸ
1080 4229 1132 4290 τῆς
1153 4227 1212 4277 τῶν
1235 4225 1312 4287 νηων
1332 4219 1407 4286 εὑρέ-

235 4299 290 4364 γὰρ
308 4299 512 4439 ggcggtffic
529 4299 890 4440 ι(νδωῙρ76ὀ9ι1χ,ρὶέέ)το(1τρώκτης)
906 4313 1058 4425 {pergemus
1081 4363 1235 4429 dubitavit;
1263 4361 1299 4419 ci.
1321 4362 1406 4417 schol.

238 4443 331 4498 ξ289.
354 4442 447 4513 Apoll.
467 4441 519 4496 lex.
541 4445 601 4510 166,
620 4445 663 4497 34.
855 4483 858 4488 .
