3102 5158
146 257 187 311 lie
202 255 390 326 Aristophane
404 257 540 325 Byzantio
555 258 585 313 et
602 255 735 316 Suetonio
746 257 910 328 Tranquillo
924 258 1056 314 Enetothi
1070 257 1239 316 auctoribus.
1259 258 1323 324 307

233 420 363 499 siniret
373 421 454 501 αὐλὴ
469 421 520 486 καὶ
536 419 637 501 τηκός.
657 421 708 486 καὶ
762 422 814 490 καί
827 420 909 502 ἀρὴν
923 421 1011 501 παρὰ
1023 427 1092 488 τοῖς
1109 429 1255 502 ποιηταῖς
1269 445 1322 488 κα-

234 510 322 589 ὁμὲν
338 509 492 590 βουκόλος
506 511 557 576 καὶ
572 509 705 591 βουτρό-
740 567 743 576 ,
762 514 878 589 λεῑται,
896 511 965 576 εἶτα
985 511 1221 591 λιπογνώμονο.
1253 534 1323 578 ποι-

234 621 298 679 φος
326 599 366 664 ἂν
394 601 521 677 λέγοιτο
551 600 603 664 καὶ
634 605 706 679 βου·
762 601 863 681 μένες,
878 599 1016 679 αἰπόλοι,
1030 600 1169 681 ποίμνια,
1185 600 1323 680 αἰπόλια,

234 688 370 769 φορβός,
399 687 505 768 ὥςπερ
529 687 548 753 6
572 687 706 755 ὑποζεο-
762 689 953 769 ποιμαίνειν,
977 688 1138 769 αἰπολεῖν,
1162 696 1324 770 ποιμνῖται

236 779 313 854 γνὺτ
332 777 430 842 αὐτὰς
451 776 651 858 βοηλάτης,ὸ
671 779 706 842 δὲ
761 778 867 858 κύνες,
900 779 1059 845 αἰπολικοὶ
1090 779 1191 846 κύνες.
1227 780 1322 844 ἱππο-

233 871 299 932 τῶν
309 865 481 947 προβάτων
490 863 621 946 ἧγεμῶν
637 888 706 933 ποι·
762 866 893 948 φορβοί,
912 867 1121 947 ἱπποφορβία,
1139 867 1248 934 καλῶς
1263 869 1322 936 (ο-

233 957 306 1036 μήν,
335 955 442 1034 ὥςπερ
467 955 486 1021 ό
511 959 577 1022 τῶν
606 955 707 1034 αἰγῶν
761 959 885 1037 φοκλῆς
895 955 1127 1037 ἱπποβουκόλοι
1139 957 1321 1041 [Εὐριπίδης

233 1043 377 1112 αἰπόλος.
401 1044 432 1110 οἱ
448 1045 483 1112 δὲ
499 1044 631 1110 πάντων
641 1048 707 1110 τῶν
761 1050 834 1111 coni.
849 1050 1036 1114 Valokenaer
1049 1051 1115 1112 coll.
1129 1051 1241 1114 Phoen.
1257 1049 1324 1128 28],

232 1133 441 1213 τετραπόδων
460 1139 569 1212 νομεῖς
585 1130 626 1220 (v.
641 1158 706 1214 sup.
761 1134 986 1216 ἱπποφορβεῖς.
1006 1133 1167 1217 βοηλάται,
1182 1139 1322 1216 βουφορ·

231 1247 260 1303 p.
276 1221 366 1307 303).
396 1227 462 1289 τῶν
481 1224 517 1290 δὲ
536 1221 708 1304 προβάτων
763 1222 825 1304 βοί,
872 1223 1081 1304 βουκάπηλοι,
1123 1223 1322 1308 ζευγηλάται,

234 1311 285 1377 καὶ
317 1311 418 1389 αἰγῶν
450 1311 506 1378 τὰς
538 1312 659 1392 ἡλικίας
688 1311 707 1378 6
761 1314 928 1393 (οφοκλῆς
952 1310 981 1378 δ’
1005 1311 1083 1393 ἔφη·
1107 1311 1322 1381 ’ποππύῑεται

233 1402 366 1480 ποιητὴς
394 1400 565 1480 διακρίνων
587 1400 706 1480 προγό-
760 1398 983 1482 ζεογηλατρίς’
1002 1400 1073 1485 (frg.
1093 1403 1181 1486 883).
1209 1401 1321 1482 άςτρα-

234 1510 310 1556 νους
325 1489 376 1556 καὶ
390 1489 542 1569 μετάςςας
553 1511 604 1555 και
593 1491 707 1569 ἕρςας
732 1493 754 1676 l
762 1490 902 1572 βηλάται,
921 1491 972 1556 καὶ
990 1491 1077 1570 παρὰ
1095 1496 1164 1558 τοῖς
1177 1491 1323 1572 Δωριεῦ-

233 1577 406 1658 ῶνόμαςεν.
432 1580 626 1648 καλεῖτοιδὲ
640 1583 706 1646 τῶν
751 1600 808 1646 ςιν
831 1579 1004 1648 ὀνοκίνοιοι
1031 1581 1082 1645 καὶ
1110 1584 1322 1663 κιλλακτῆρετ.

207 1670 292 1748 1μὲν
322 1672 408 1748 βοῶν
436 1669 477 1733 τὰ
499 1670 558 1736 νέα
586 1649 734 1752 μότχοι,
760 1669 849 1747 ὄνος,
868 1669 1012 1749 ἡμίονος,
1032 1668 1181 1751 άςτράβη,
1209 1677 1323 1737 νωτεῖς

232 1761 299 1821 τῶν
331 1758 367 1823 δὲ
385 1757 570 1867 προβάτων
602 1756 705 1839 ἄρνες,
760 1758 886 1838 ἡμίονοι
904 1779 955 1822 και
969 1759 1127 1836 ζογιοι
1139 1760 1198 1826 .τὸ
1213 1760 1249 1825 δε
1263 1782 1322 1826 τοο

234 1850 299 1911 τῶν
312 1846 393 1911 δὲ’
363 1851 464 1925 αιγῶν
474 1845 620 1928 ἔριφοι,“
599 1867 706 1926 ωςπερ
761 1846 1033 1928 άςτραβηλάτοα
1020 1852 1103 1928 ρῆμα
1117 1809 1322 1928 όιςτραβεύειν

199 1947 203 1951 ·
233 1940 299 2001 τῶν
322 1936 380 2014 μὲν
410 1936 511 2014 αἰγῶν
535 1936 555 2001 ὁ
576 1936 706 2016 ἡγεμὼν
760 1935 902 2004 Πλάτων
944 1933 1069 2018 εἴρηκεν
1105 1937 1142 2002 ἐν
1179 1937 1322 2017 Ἑορταῖς

232 2024 364 2103 τράγος,
382 2029 449 2090 τῶν
468 2027 503 2090 δὲ
523 2025 601 2092 οἰῶν
621 2026 706 2103 κριὸς
761 2022 863 2111 (Mein.
879 2021 1101 2110 Com.11628)
1118 2024 1321 2105 ...Ἀρκτο-

233 2114 284 2178 καὶ
311 2115 430 2193 κτίλος,
462 2118 528 2181 τῶν
554 2116 590 2180 δὲ
620 2117 706 2194 βοῶν
760 2113 867 2194 φάνης
881 2115 916 2180 δὲ
932 2114 983 2180 καὶ
998 2117 1168 2194 βοηλατεῐν
1182 2117 1233 2182 καί
1247 2117 1321 2196 ὀνη-Ι

233 2208 358 2282 ταῡρος
387 2203 442 2287 [τὰ
456 2206 491 2270 δὲ
510 2203 634 2284 ῥήματα
655 2203 705 2268 νέ·
761 2206 871 2271 λατεῖν
890 2201 987 2270 εἶπεν
1002 2200 1074 2288 (frg.
1093 2201 1181 2288 598).
1214 2205 1321 2272 όοπῶ-

232 2313 302 2371 μειν
316 2342 324 2357 .
339 2341 347 2358 .
362 2292 383 2376 .]
407 2293 548 2374 ςυβῶτης
568 2294 603 2358 δὲ
622 2292 706 2372 ἐρεῖς
761 2296 812 2359 λαι
828 2291 978 2376 [ὑοπόλοι
995 2293 1136 2376 eoniei0],
1155 2293 1322 2375 ὑοφορβοῖ,

233 2382 284 2446 καὶ
303 2381 431 2464 ςυβότια
453 2383 504 2448 καὶ
524 2381 636 2462 <sprot
656 2381 706 2448 καί
760 2384 909 2462 ςοβῶται,
942 2381 1110 2462 ςυφορβοί,
1146 2383 1322 2463 τυβῶτριοιι,

231 2472 328 2550 ταφαὶ
342 2471 393 2536 καὶ
408 2476 620 2551 χοιροκομεῖα,
633 2471 704 2551 ἐργ-
760 2473 958 2550 χοιροπῶλαι
974 2470 1177 2554 [χοιροπόλοι
1195 2475 1321 2554 oonieio]

232 2560 290 2638 μὸς
313 2559 393 2626 ὑῶν·
422 2565 539 2640 χοῖροι,
572 2561 626 2626 ὕες
654 2560 704 2626 τὲ·
760 2556 1322 2648 Ἀριςτοφάνηςἐν”Ωραις(ῖιιρ.485).

233 2652 326 2727 λειοι,
361 2649 415 2717 ὕες
447 2648 622 2726 ἀγάλακτοι
654 2649 705 2713 καὶ
759 2649 810 2718 καὶ
820 2649 874 2716 ὕες
884 2649 964 2727 ςύες,
978 2653 1082 2728 χοῖροι
1094 2649 1238 2730 χοιρίδια,
1249 2655 1320 2716 δελ-

232 2738 474 2822 γολοθηνοί,καί
484 2741 644 2818 δέλφακες
654 2738 704 2804 καὶ
759 2737 867 2818 φάκιμ,
882 2738 933 2802 καὶ
947 2738 987 2802 τὰ
1000 2737 1141 2817 ὀψίγονα
1152 2741 1202 2806 καὶ
1213 2741 1322 2819 ςμικρὰ

233 2829 272 2893 τὰ
290 2827 431 2908 όψίγονα
450 2827 632 2908 μετάχοιρα
758 2825 1320 2910 μετάχοιρα,ςυφεός,ὑφεός,ςαφός,

759 2921 994 2996 χοιροκομεῖον,
1017 2923 1265 2998 χοιροτροφεῖον
1284 2921 1320 2984 δὲ

758 3003 831 3074 ὅτε
851 3006 952 3085 τυρὸς
971 3006 1021 3069 καὶ
1041 3007 1167 3085 πλέγμα
1184 3029 1223 3087 τι,
1242 3008 1320 3091 ἐνιβ

758 3099 864 3174 χοῖροι
882 3096 1066 3175 τρέφονται.

239 3277 319 3348 Quos
342 3279 423 3339 looos
447 3279 473 3339 si
496 3279 625 3340 intense
644 3283 760 3338 etcum
778 3277 981 3354 Aristophane
1003 3278 1148 3356 Byzantio
1171 3299 1322 3357 eompara-

145 3370 239 3446 veris‚
266 3367 368 3428 statim
391 3386 442 3429 eos
467 3388 484 3428 e
506 3366 634 3430 diversis
657 3367 777 3427 fluxisse
801 3365 933 3429 sontibus
956 3367 1114 3444 intelleges
1137 3372 1169 3428 et
1192 3370 1322 3430 alterum

146 3460 244 3519 locum
269 3447 342 3537 (VII
369 3447 447 3536 184)
470 3457 508 3516 ab
535 3455 737 3533 Aristophane
761 3454 880 3516 omnino
903 3474 969 3516 esse
996 3458 1216 3519 removendum.
1253 3479 1322 3538 narn

144 3546 220 3607 nihil
245 3547 308 3606 fere
327 3546 353 3606 is
373 3546 507 3606 eontinet
528 3544 607 3624 quod
625 3546 664 3606 ad
682 3544 914 3620 Aristophanem
930 3544 1033 3622 aliquo
1053 3547 1141 3609 modo
1163 3549 1259 3624 possit
1277 3568 1321 3609 re-

144 3637 228 3697 ferri:
254 3639 301 3696 esi·
323 3654 407 3698 mera
429 3636 589 3698 verborum
607 3653 841 3714 synonymorum
859 3634 994 3696 oolleotio
1018 3634 1082 3696 sine
1105 3635 1168 3696 ulla
1190 3637 1321 3698 utilitato

144 3725 286 3786 coniecta
322 3725 354 3786 id
375 3743 446 3788 vero
469 3724 550 3802 quod
573 3742 667 3784 unum
696 3723 752 3784 hoe
776 3723 840 3784 loeo
868 3723 942 3784 utils
966 3727 1120 3803 narratur,
1147 3721 1320 3801 προβάτων

145 3808 265 3886 ἡλικίας
289 3813 366 3889 dieo,
395 3814 433 3876 ab
456 3813 669 3892 Aristophanis
692 3811 831 3890 Byzantii
856 3812 994 3878 doctrina
1013 3833 1137 3890 prorsus
1160 3814 1320 3893 discrepat.

144 3899 360 3977 Aristophanes
384 3904 458 3964 duas
477 3903 637 4005 distinguit
655 3895 827 3978 προβάτων
845 3897 979 3976 ἡλικίας,
1003 3899 1084 3962 τὰτ
1065 3899 1173 3964 τέλεια
1195 3896 1227 3985 (q
1230 3906 1318 3966 uibus

145 3985 193 4051 όῖς
220 3985 306 4080 κριός
329 3985 455 4066 ἀρνειός
478 3991 598 4055 nomina
621 3981 742 4072 tribuit)
715 3993 798 4050 tet
821 3985 861 4051 τὰ
884 3987 942 4053 νέα
966 3983 1089 4072 (quibus
1111 3985 1239 4068 ἄρνες’
1224 3989 1319 4069 αμνοί

145 4063 278 4156 φάγιλοι
305 4083 426 4141 nomina
452 4073 598 4162 ascribit.)
634 4079 741 4142 Pollux
768 4076 843 4156 (VII
869 4073 948 4162 184)
975 4084 1118 4158 quattuor
1144 4083 1192 4144 vel
1218 4083 1320 4160 potius

145 4170 275 4248 quinque
304 4164 426 4243 ἡλικίας
448 4175 597 4232 recenset
624 4165 813 4244 μοιχίον-
836 4162 981 4244 ἄρνα-
1006 4164 1171 4245 ἀμνόν-
1190 4166 1319 4246 ἀρνειόν

146 4291 187 4300 -
208 4253 445 4335 λιπογνώμονα.
482 4259 596 4320 aooedit
582 4258 698 4340 tquod
720 4253 953 4335 λεπτογνώμων
978 4261 1016 4320 ab
1036 4259 1239 4338 Aristophane
1259 4261 1319 4323 alio

99 4371 108 4396 ι
144 4349 209 4409 loeo
233 4351 397 4410 tractatum
420 4351 475 4408 est.
513 4348 649 4426 sequitur
676 4351 778 4409 autern
806 4347 913 4408 Pollux
940 4348 1052 4409 Istrum
1077 4349 1318 4428 Callimachum,

146 4457 233 4516 quem
251 4435 288 4501 ἐν
307 4433 460 4502 Ἀττικαῖς
479 4433 598 4500 λέξεςιν
621 4439 707 4498 illum
730 4431 902 4515 προβάτων
920 4435 1050 4513 ἡλικιῶν
1073 4441 1207 4504 ordinem
1227 4443 1318 4506 tradi·
