3102 5158
141 282 183 338 De
201 279 388 351 Aristophane
402 280 537 351 Byzantio
552 281 582 335 et
595 278 727 336 Suetonio
741 278 905 350 Tranquillo
915 277 1045 336 Eustathi
1060 277 1226 336 auctoribus.
1246 275 1311 342 329

140 453 280 512 dubitare
302 469 362 512 non
385 450 515 511 debebat
537 450 698 512 Fresenius
722 443 764 532 (p.
786 452 846 511 131
868 470 895 511 n.
918 441 951 531 7)
980 444 1156 525 λάςταυρος
1179 449 1312 526 glossam

141 541 282 600 Suetonio
297 541 444 616 tribuerc3
459 540 608 600 artissime
619 542 697 600 enim
712 542 868 601 coniuncta
883 543 929 600 est
939 559 1007 599 cum
1018 537 1195 614 Κένταυρος
1210 539 1312 617 glossa

140 632 218 706 apud
238 630 323 690 Ilust.
342 631 458 706 11527,
473 631 515 690 45
531 675 538 689 .
554 675 561 689 .
576 676 585 691 .
603 623 679 691 ὅθεν
697 627 717 705 ἡ
737 627 853 705 κωμικὴ
876 624 1055 704 βλαςφημία
1074 624 1311 702 κενταύρους

140 714 249 781 ἔπαιζε
273 716 348 779 τοὺς
371 713 489 798 αἰςχρῷ
514 713 607 793 ἔρωτι
630 719 822 779 κεντοῦντας
847 718 967 792 ταῦρον
994 712 1076 792 ὅπερ
1100 713 1183 778 ἐςτὶν
1212 712 1312 791 ὄρρον
1374 785 1379 792 ,

141 802 217 884 [ἀφ>
240 802 279 868 οὗ
297 804 335 867 τὸ
354 802 540 886 ὀρρωδεῖν],
567 803 613 868 ἔτι
636 805 672 868 δὲ
695 804 746 867 καὶ
770 803 1008 881 λαςταάρους
1030 805 1106 868 τοὺς
1130 802 1311 881 πάςχοντας

140 891 185 955 ὡς
204 891 276 957 οἷον
290 893 519 971 λαςιοταύρουε
537 894 639 972 ἤγουν
654 896 760 957 δαςεῑς
773 894 832 957 τὸν
845 896 995 957 τοιοῦτον
1009 896 1137 971 ταῦρον.
1143 888 1183 976 ⁹³)
1211 896 1310 957 verbis

139 981 158 1061 ἡ
174 983 290 1060 κωμικὴ
308 981 487 1062 βλαςφημία
499 985 673 1046 Suetonium
688 985 850 1064 significari
864 985 1063 1046 certissimum
1078 989 1137 1045 est:
1152 986 1188 1046 cf.
1198 1005 1225 1061 p.
1237 986 1312 1057 518,

141 1077 182 1133 44
202 1071 292 1148 ...ἡ
312 1071 348 1133 δὲ
367 1071 557 1135 τὰτοιαῦτα
582 1071 798 1149 μεθοδεύουςα
823 1070 1003 1151 βλαςφημία
1021 1073 1099 1147 κτλ,
1122 1094 1149 1150 p.
1171 1075 1248 1147 827,
1269 1075 1312 1133 30

138 1159 158 1238 ἡ
184 1160 219 1222 δὲ
249 1163 382 1224 τοιαῦτα
409 1162 645 1238 νομοθετήςαςα
674 1158 853 1240 βλαςφημία
882 1163 946 1224 κτλ.
975 1164 1108 1223 breviter
1136 1158 1312 1237 λάςταυρος

138 1255 323 1312 memoratur
343 1273 370 1328 p.
392 1255 466 1322 259,
486 1255 515 1312 4.
542 1256 616 1325 361,
635 1255 664 1313 8.
689 1255 767 1329 881,
787 1255 838 1313 23.
880 1252 1078 1329 veriloquium
1097 1271 1169 1311 num
1188 1250 1313 1311 Suetoni

139 1343 179 1400 sit
197 1344 303 1417 potest
317 1341 449 1400 dubitari
468 1334 520 1419 (cf.
540 1341 661 1402 Curtius
680 1333 796 1418 Εῒριιι.4
814 1362 842 1418 p.
863 1334 951 1422 363).
1067 1343 1070 1350 ’

231 1433 258 1489 2.
286 1423 361 1490 Ἐπὶ
386 1430 588 1503 γυναικῶν.
624 1431 829 1491 Recensentur
851 1431 882 1489 in
902 1431 932 1489 M
956 1429 1146 1491 meretricum
1171 1422 1253 1512 (nam
1274 1429 1310 1489 de

138 1519 186 1578 his
201 1513 316 1598 agitur)
331 1519 464 1579 convicia
478 1519 630 1594 tredecim,
646 1538 772 1596 quorum
785 1520 882 1579 tribus
897 1522 1015 1579 tantum
1029 1514 1210 1597 (καςαλβάς,
1225 1518 1311 1594 χαλι-

139 1603 208 1682 μάς,
227 1600 352 1688 λάπττα)
375 1609 586 1684 interpretatio
605 1609 721 1669 adiecta
744 1612 798 1669 est.
840 1609 985 1668 accedunt
1007 1627 1043 1668 ex
1065 1608 1225 1668 Eustathic
1249 1607 1312 1669 fere

138 1697 273 1756 totidem.
309 1697 412 1772 plures
436 1697 526 1758 huius
546 1699 651 1773 capitis
675 1699 792 1774 glossas
816 1716 877 1757 una
895 1698 1045 1773 congessit
1062 1696 1148 1758 Eust.
1167 1717 1196 1773 p.
1218 1699 1312 1775 1088,

139 1788 190 1846 35.
208 1788 302 1859 1329,
312 1788 362 1845 32.
380 1788 474 1859 1921,
487 1788 537 1864 58,
557 1787 609 1845 sed
624 1787 750 1864 singulis
769 1786 840 1847 locis
855 1787 1004 1846 diversum
1019 1785 1152 1847 ordinem
1168 1786 1311 1863 sequitur.

139 1873 300 1934 Suetonius
329 1877 431 1934 autem
461 1870 658 1951 βλαςφημίας
690 1875 780 1935 huius
808 1876 915 1952 capitis
944 1879 1025 1936 certo
1053 1875 1182 1950 quodam
1210 1874 1312 1935 ordine

139 1963 291 2037 tractavit,
310 1964 393 2023 cuius
412 1964 456 2023 rei
475 1965 562 2026 testis
582 1966 630 2024 est
644 1965 760 2044 Suidas,
779 1965 830 2040 qui
848 1965 966 2040 partem
984 1964 1072 2023 huius
1087 1965 1193 2040 capitis
1208 1963 1312 2024 Sueto-

139 2053 221 2112 niani
239 2048 352 2130 (nescio
371 2049 463 2130 uude)
488 2053 646 2129 descripsit
671 2072 693 2115 s.
712 2074 740 2114 ν.
759 2048 913 2128 μυςάχνη·
938 2050 958 2128 ἡ
977 2048 1080 2128 πόρνη
1105 2049 1193 2127 παρὰ
1211 2046 1312 2128 Ἀρχι-

140 2136 242 2220 λόχῳ·
260 2138 312 2201 καὶ
327 2136 453 2216 ἐργάτις
472 2140 524 2202 καὶ
538 2135 682 2223 brusch)
702 2140 753 2202 καὶ
772 2143 900 2217 παχεῖα.
930 2137 1087 2202 Ἱππῶναξ
1107 2139 1141 2201 δὲ
1159 2137 1311 2218 βορβορό-
1423 2161 1427 2168 ·
1542 2105 1543 2134 ό

140 2223 240 2310 πιν95)
259 2226 310 2289 καὶ
330 2225 410 2305 [άςβ
435 2231 470 2290 cf.
491 2233 576 2292 Eust.
595 2252 622 2307 p.
639 2232 713 2307 862,
727 2234 780 2291 44.
801 2233 896 2307 1329,
917 2225 972 2308 32]
992 2225 1173 2305 ἀκάθαρτον
1192 2227 1311 2305 ταύτην

140 2314 235 2393 φηςίν
254 2313 319 2378 ἀπὸ
338 2318 396 2378 τοῦ
418 2314 583 2396 βορβόρου.
622 2316 672 2380 καὶ
697 2313 907 2394 ἀναςυρτόλιν
929 2314 994 2380 ἀπὸ
1018 2319 1076 2380 τοῦ
1096 2313 1313 2395 ἀναςύρεςθαι.

139 2400 320 2482 Ἀνακρέων
338 2405 373 2467 δὲ
389 2405 565 2470 πανδοςίαν
580 2405 632 2468 καὶ
647 2403 820 2484 λεωφόρον
835 2406 886 2468 καὶ
901 2404 1112 2483 μανιόκηπον·
1132 2409 1233 2483 κῆπος
1251 2405 1312 2483 γὰρ

140 2493 178 2556 τὸ
198 2492 317 2571 μόριον.
356 2491 492 2558 Εὔπολις
511 2490 576 2580 (δὲ)
598 2493 762 2559 sitiuntur
782 2493 846 2558 ἀπὸ
871 2498 926 2572 τῆς
946 2493 1095 2573 εἱλήςεως
1113 2496 1181 2557 τῶν
1199 2496 1313 2558 ποδῶν

140 2586 196 2659 τῆς
215 2581 294 2645 κατὰ
314 2585 404 2660 μῖξιν.
440 2588 548 2662 κράδαι
571 2605 639 2646 cum
657 2588 743 2648 Euat.
762 2608 789 2663 p.
813 2590 907 2664 1329,
927 2589 967 2646 33
988 2587 1167 2662 comparatis
1186 2590 1313 2663 apparet

140 2678 258 2750 partem
280 2675 386 2751 capitis
406 2676 567 2735 secuudum
590 2679 727 2736 auctores
755 2677 923 2752 glossarum
948 2675 1043 2736 fuisse
1066 2675 1241 2752 dispositam
1260 2670 1311 2756 (cf.

140 2764 299 2824 Freseniua
318 2784 347 2839 p.
367 2757 434 2845 62).
471 2766 565 2840 igitur
585 2768 722 2824 auctores
741 2766 885 2825 habemus

164 2853 375 2914 Archilochum
394 2855 563 2930 glossarum
583 2848 723 2929 μυςάχνη
742 2849 869 2928 ἐργάτις
888 2851 998 2929 δήμιος
1017 2853 1148 2929 παχεῖα,

162 2942 379 3018 Hipponactem
398 2944 567 3020 glossarum
594 2942 793 3018 βορβορῶπις
811 2937 1076 3018 άναςειςίφαλλος
1094 2937 1310 3017 ἀναςυρτόλις,

163 3032 380 3092 Anacreontem
392 3033 562 3109 glossarum
569 3027 726 3092 πανδοςία
736 3026 906 3107 λεωφόρος
915 3027 1099 3106 πολύυμνος
1107 3027 1311 3106 μανιόκηπος,

162 3120 340 3195 Eupolidem
359 3121 477 3196 glossae
495 3116 651 3196 εἰλίπους,

163 3209 353 3285 Anonymum
373 3212 522 3284 quendam
541 3211 660 3286 glossae
679 3209 850 3284 χαλκιδῐτις
870 3202 970 3292 (Euat.
990 3231 1018 3286 p.
1039 3212 1123 3270 1329
1140 3257 1147 3270 .
1163 3255 1191 3269 ..
1211 3203 1310 3270 ἄλλος

141 3294 176 3357 δέ
195 3312 242 3356 τις
268 3293 465 3381 χαλκιδῑτιν).
502 3318 604 3364 rocem
628 3298 812 3373 χαλκιδῑτις,
837 3318 927 3376 quam
950 3299 1050 3359 omisit
1069 3299 1150 3358 Suid.
1169 3319 1192 3360 s.
1211 3319 1237 3360 v.
1257 3316 1310 3374 μυ-

142 3381 255 3460 ςάχνη,
279 3388 467 3464 transcripsit
494 3407 516 3447 a.
536 3408 564 3448 v.
588 3387 773 3462 χαλκιδῑτις·
803 3384 905 3464 [παρὰ
928 3381 1127 3467 ἸωςήπιρΡθλ
1155 3385 1175 3461 ἡ
1199 3383 1312 3462 πόρνη,

142 3469 207 3535 ἀπὸ
225 3475 282 3551 τῆς
301 3470 462 3536 εὐτελείας
485 3476 544 3536 τοῦ
568 3473 737 3551 διδομένου
756 3473 946 3552 νομίςματος
965 3470 1028 3558 (=
1047 3477 1132 3536 Eust.
1152 3497 1179 3552 p.
1201 3471 1312 3555 1329).

141 3568 298 3639 praeterea
313 3562 419 3625 Suidas
434 3585 470 3626 ex
484 3565 626 3626 Suetonio
641 3567 761 3626 videtur
774 3565 887 3626 habere
900 3567 1018 3643 glossas
1037 3559 1163 3641 φορβάς
1177 3569 1209 3624 et
1222 3564 1311 3639 χαλι·

143 3648 214 3727 μὰς;
243 3653 324 3713 Suid.
347 3649 609 3731 φορβάδων·
632 3651 683 3713 καὶ
706 3650 844 3734 φορβάς,
871 3651 891 3728 ἡ
915 3653 1051 3716 πολλοῖς
1076 3653 1313 3729 προςομιλοῦςα

141 3743 265 3817 τροφῆς
284 3737 376 3817 χάριν
394 3737 452 3826 (=
466 3744 553 3804 Euat.
566 3763 596 3818 p.
613 3746 707 3818 1088,
722 3746 773 3804 35.
793 3747 867 3819 539,
885 3739 954 3824 13),
974 3742 1055 3804 Suid.
1073 3736 1311 3823 xatipustats-

215 4036 249 4105 ⁹³)
270 4036 399 4106 Sequitur
413 4042 524 4109 κάνειρα
543 4040 637 4110 glossa
651 4041 680 4094 et
698 4041 760 4110 ipsa
775 4038 953 4096 Suetoniana.
970 4071 1002 4080 -
1023 4037 1058 4109 ⁰⁴)
1078 4042 1165 4108 δῆμος
1179 4039 1312 4094 exhibent

143 4107 172 4162 M
195 4107 272 4162 Eust.
298 4107 387 4164 Suid.:
420 4114 516 4180 δήμιος
538 4111 723 4181 probabiliter
747 4112 867 4166 coniecit
890 4113 1000 4166 Kiister.
1025 4142 1058 4151 -
1087 4111 1123 4179 ⁹⁵)
1148 4111 1313 4179 βορβορόπιν

143 4180 228 4248 Suid.,
248 4182 422 4249 βορβορόπην
438 4184 523 4251 Eust,
543 4185 709 4251 βορβορώπη
728 4183 765 4236 Μ.
786 4181 962 4238 scribendum
977 4186 1021 4237 est
1039 4186 1218 4250 Suppeditant,
1238 4181 1313 4250 quod

143 4251 223 4322 Toup
242 4251 359 4308 Emond.
374 4252 400 4306 Il
415 4259 465 4307 501
485 4254 643 4322 proposuit;
662 4254 782 4309 tonnam
800 4257 928 4308 neutram
946 4254 1064 4325 praebct
1076 4253 1197 4323 Hesych.
1217 4256 1313 4320 βορβο-

142 4325 246 4389 ρωπόν.
272 4321 306 4377 ci.
332 4323 509 4392 βλοςυρωπός
528 4355 561 4364 -
581 4328 757 4394 βλοςυρῶπις.
784 4359 815 4368 -
847 4323 881 4395 ⁹⁶)
905 4325 1014 4381 Nomen
1036 4329 1138 4395 poetae
1162 4323 1191 4378 in
1216 4324 1312 4379 codice

143 4392 254 4448 videtur
271 4410 328 4450 ιιοιι
345 4395 524 4466 perspicuum
544 4395 641 4463 fuisse3
660 4396 755 4466 itaque
772 4397 851 4453 llust.
871 4398 953 4451 ἄλλος
971 4398 1002 4450 δέ
1016 4412 1057 4450 τις
1076 4396 1195 4466 scripsit,
1215 4396 1314 4450 Suidas

143 4464 200 4536 (vel
214 4464 272 4521 cius
291 4466 421 4523 librarius
435 4467 570 4537 quidam),
589 4483 624 4522 ne
638 4469 709 4523 testo
725 4468 819 4538 glossa
833 4469 949 4538 careret,
967 4469 1043 4535 παρὰ
1058 4469 1178 4538 Ἰωςήπῳ
1194 4466 1314 4522 addidit.

195 4566 274 4610 Jahrb.
284 4565 298 4609 1.
310 4567 375 4611 class.
385 4567 467 4608 Philol.
484 4566 562 4616 Sappl.
580 4565 622 4610 Bd.
632 4566 687 4608 ΧΠ.
1066 4563 1100 4616 22
