3102 5158
143 241 186 296 De
200 236 389 310 Aristophane
400 235 538 308 ,Byzantio
553 239 582 293 et
594 237 728 295 Suetonio
742 237 908 308 Tranquillo
917 237 1050 294 Eustathi
1063 237 1232 295 auctoribus.
1254 237 1317 305 371

144 412 293 468 memorat
305 428 332 483 p.
346 409 440 484 1818,
452 410 492 468 56
514 402 576 467 ἔετι
591 402 660 482 γάρ,
680 424 765 483 occu,
784 401 1011 481 ’ῥαθαπυγίζειν
1030 404 1068 467 τὸ
1087 407 1228 468 πλατεῖ
1246 404 1322 468 ποδὶ

146 493 191 558 εἰ(
210 493 250 556 τὰ
269 491 341 576 (τὴν
359 489 465 576 vulgo)
490 491 571 570 ἰεχία
591 492 748 571 ῥαπίζεινῑ
772 515 848 572 qnae
868 517 904 557 ex
928 497 1031 556 eodem
1055 497 1149 557 lexico
1172 497 1322 557 rhetorico

145 586 313 662 descripsit,
333 585 411 661 quod
426 585 552 645 Photius
567 585 706 646 adhibuit
719 605 743 645 s.
753 605 781 646 v.
801 581 1040 660 ῥαθαπυγίζων·
1059 582 1097 645 τὸ
1112 585 1227 646 πλατεῖ
1246 582 1322 646 ποδὶ

146 671 192 736 εἰ(
210 671 251 734 τὰ
264 670 347 749 ἰεχία
364 669 517 749 ῥαπίζειν.
549 676 624 736 duas
641 674 904 751 interpretationes
919 675 1058 736 conflarit
1072 675 1205 752 Hesyeh.
1223 670 1321 750 ῥαθα·

144 759 302 837 πογίζειν·
317 758 336 823 ὅ
350 780 435 824 τινε(
450 759 643 839 εκομβρίζειν
653 757 712 844 ¹⁸⁸),
732 760 770 824 τὸ
784 764 830 843 τῷ
850 758 1107 824 sustentatores
1123 758 1228 825 παίειν
1242 760 1323 824 κατὰ

145 853 212 914 τῶν
227 849 343 928 ἰεχίων,
358 846 407 932 (ἢ)
422 849 460 914 τὸ
475 848 520 912 εἰ(
534 849 592 913 τὸν
606 845 746 924 γλουτὸν
761 853 838 931 ειμῷ
854 849 930 914 ποδί
943 848 1084 914 τύπτειν.
1113 853 1193 928 apud
1206 852 1323 918 Aristo-

145 943 275 1018 phanem
295 944 313 1003 l.
327 943 348 1002 l.
366 943 489 1018 quidam
507 942 647 1002 videntur
663 936 888 1018 ῥοθοπιιγίζειν
906 943 1030 1020 legisse:
1050 943 1086 1002 cf.
1106 943 1197 1004 schol.
1211 943 1264 1003 Ar.
1282 944 1320 1021 τῇ

145 1034 231 1111 πυγῇ
250 1025 349 1108 ῥόθον
369 1029 472 1091 ποιῶν
494 1028 637 1092 τουτέετι
655 1033 693 1112 τῇ
719 1029 799 1106 χειρὶ
817 1029 876 1106 τὴν
895 1030 1001 1107 πυγὴν
1020 1026 1125 1092 παίων
1142 1029 1162 1107 ἢ
1181 1032 1228 1111 τῷ
1247 1027 1323 1091 ποδὶ

143 1117 277 1181 τύπτων
295 1119 360 1182 κτλ.
616 1137 619 1146 ’

234 1299 348 1373 Restat,
368 1300 403 1358 ut
420 1299 457 1359 de
471 1298 684 1374 Aristophanis
703 1318 770 1358 oum
785 1299 927 1360 Suetonio
941 1297 1159 1359 necessitudine
1178 1298 1321 1372 dicamus,

146 1408 236 1465 quam
255 1388 469 1448 Reifferscheid
488 1388 672 1448 artissimam
693 1389 788 1448 fuisse
811 1387 940 1449 coniecit
961 1408 995 1448 ac
1014 1387 1149 1448 Nauckio
1174 1389 1323 1464 probavit,

145 1478 307 1538 Fresenius
326 1479 438 1538 nullam
459 1497 526 1538 esse
544 1478 736 1537 demonstare
755 1479 880 1538 studuit.
914 1478 1014 1538 codiee
1033 1476 1113 1537 enim
1131 1477 1231 1537 Athoo
1251 1496 1323 1536 non-

145 1569 218 1626 dum
232 1568 360 1643 cognito,
375 1587 442 1626 cum
456 1569 578 1642 propter
593 1565 898 1643 frg.Par.§19-22
913 1567 1019 1626 Nauck
1033 1567 1191 1628 statuisset
1204 1568 1320 1626 Aristo·
1410 1631 1413 1635 ,

145 1658 276 1733 ρλιιιιοιιι
295 1651 367 1729 περὶ
387 1654 594 1732 βλαεφημιιίιν
618 1656 772 1732 scripsisse
796 1648 838 1737 (v.
858 1674 922 1732 sup.
943 1677 972 1732 p.
991 1650 1085 1736 327),
1109 1655 1324 1716 Reifferscheid

145 1746 245 1806 faeere
264 1764 324 1806 non
343 1746 442 1821 potuit
461 1745 532 1821 quin
551 1744 675 1804 Suetoni
693 1745 805 1806 librum
828 1742 900 1819 περὶ
920 1743 1128 1821 βλαεφημιιίιν
1148 1738 1272 1823 (Suidae
1292 1749 1324 1804 et

145 1836 194 1894 Et.
215 1835 275 1910 Mg.
298 1835 375 1910 151,
395 1835 436 1894 35
466 1834 645 1894 testimoniis
673 1827 839 1916 firmatum)
868 1835 1082 1910 Aristophanei
1116 1832 1222 1908 capitis
1250 1829 1323 1907 περὶ

147 1921 355 1999 βλαιφημιιίιν
377 1923 576 1989 imitatIonetn
599 1922 690 1982 fuisse
714 1916 1122 2005 diee1·et(Suet.Rel.Add.
1146 1942 1175 1997 p.
1194 1915 1323 2003 XVIII).

145 2016 237 2088 atque
260 2013 328 2072 hino
347 2013 498 2088 profectus
521 2013 680 2072 obscurum
705 2011 814 2074 Suidae
837 2007 874 2093 (s.
893 2033 921 2072 ν.
949 2005 1169 2090 Τράγκυλλοε)
1200 2010 1324 2070 titulum

146 2097 332 2174 ευγγενικὸν
353 2095 516 2175 Καιιὰραιν
535 2094 725 2182 (heredebus
743 2101 922 2178 Vossianus,
947 2101 1026 2162 unde
1045 2103 1126 2160 recte
1145 2100 1323 2176 Bernhardy

149 2184 313 2264 Καιεάριυν
333 2183 404 2270 ιβ’)·
423 2186 564 2264 περιέχει
583 2187 619 2249 δὲ
640 2184 727 2265 βίου(
746 2187 826 2251 κατὰ
844 2183 901 2271 (sio
920 2189 1147 2266 Reifferscheid,
1170 2185 1221 2248 καὶ
1240 2182 1323 2270 libri)

147 2275 299 2354 διαδοχὰε
315 2275 423 2339 αὐτῶν
437 2273 502 2338 ἀπὸ
518 2273 648 2339 Ἰουλίου
664 2275 725 2340 ἕω(
735 2275 952 2353 Δομετιανοῦ’
970 2273 1072 2354 βιβλία
1086 2268 1114 2353 η’
1130 2279 1173 2338 sic
1187 2274 1324 2338 emenda-

146 2369 199 2443 vit,
222 2372 256 2428 ut
270 2363 456 2440 ευγγενικόν
471 2387 489 2427 a
508 2369 701 2444 sequentibus
716 2369 933 2446 seiungendum
948 2385 1015 2428 esse
1030 2371 1061 2427 et
1075 2367 1235 2443 peculiaris
1254 2365 1325 2427 libri

146 2458 271 2518 titulum
290 2457 458 2533 significare
478 2457 656 2518 affirmaret:
680 2477 738 2533 quo
762 2459 839 2518 libro
859 2458 1034 2518 Suetonium
1054 2456 1189 2532 exemplo
1208 2456 1323 2515 Aristo-

146 2547 254 2624 phanis
278 2542 352 2621 περὶ
375 2545 569 2618 ευγγενικῶν
598 2541 767 2620 ὀνομάτων
797 2548 978 2623 exposuisse.
1014 2549 1104 2622 atque
1127 2544 1181 2604 illa
1204 2544 1324 2620 quidem

147 2636 184 2697 de
204 2635 329 2695 Suetoni
348 2631 421 2709 περὶ
441 2633 648 2714 βλαεφημιῶν
670 2635 747 2695 libro
771 2637 933 2710 sententia,
956 2653 994 2695 ex
1019 2654 1079 2712 qua
1101 2635 1253 2711 profectus
1277 2637 1325 2693 est

146 2725 373 2797 Reifferscheid,
398 2725 475 2783 falsa
493 2725 565 2798 fuit3
588 2743 667 2784 nunc
686 2725 765 2784 enim
783 2729 901 2786 constat
918 2725 1152 2800 Aristophanem
1170 2742 1230 2783 non
1254 2723 1325 2784 scri-

145 2815 242 2890 psisse
261 2810 334 2887 περί
355 2811 570 2890 βλαεφημιῶν.
603 2816 754 2874 attamen
772 2815 881 2874 falsam
900 2833 966 2876 esse
981 2812 1206 2874 Reifferscheidi
1224 2831 1323 2871 emen·

147 2903 298 2963 dationem
312 2903 394 2962 illius
409 2902 518 2962 Suidae
536 2902 620 2962 tituli
633 2903 793 2964 infeliciter
811 2905 849 2963 ab
864 2904 932 2964 aliis
950 2903 1091 2978 temptati
1104 2901 1324 2977 nonsequitur.

145 2993 236 3052 immo
255 2992 481 3065 Reifferscheid,
501 3011 568 3052 cum
587 3010 690 3052 vocem
709 2988 895 3064 ευγγενικόν
919 3013 937 3052 a
956 2985 1120 3066 Καιεάρων
1144 2994 1322 3067 secerneret,

146 3082 289 3141 facillima
312 3081 427 3141 ratione
446 3084 620 3157 corruptum
643 3082 767 3141 titulum
790 3082 934 3161 sustulit‚.
952 3082 1027 3141 duos
1046 3081 1193 3141 librorum
1211 3079 1324 3139 indices

145 3172 250 3246 planos
270 3173 301 3229 et
319 3188 377 3229 non
397 3170 538 3230 obscuros
557 3171 700 3230 restituit.
739 3172 791 3230 sed
811 3171 970 3232 Fresenius
989 3171 1066 3230 hanc
1084 3169 1324 3230 emendationem

145 3258 340 3334 improbavit,
364 3277 424 3333 qua
448 3259 526 3318 effici
550 3263 649 3334 putat,
678 3262 713 3318 ut
734 3279 789 3334 pro
813 3279 871 3321 uno
895 3260 992 3320 indiae
1015 3278 1075 3318 non
1101 3259 1224 3318 ferendo
1249 3259 1324 3318 duos

146 3351 291 3424 legamus,
309 3363 436 3422 querum
454 3350 560 3406 neuter
579 3348 619 3407 sit
637 3348 778 3412 ferendus
799 3340 841 3426 (p
862 3342 928 3430 74).
964 3349 1025 3408 iam
1042 3348 1137 3424 igitur
1156 3347 1322 3424 videamus,

145 3437 254 3513 quibus
283 3435 319 3502 de
343 3436 440 3496 causis
469 3436 581 3496 indices
606 3456 623 3496 a
646 3437 888 3498 Reifferscheidio
915 3438 1073 3498 restitutos
1098 3455 1159 3496 non
1182 3437 1323 3498 ferendos

144 3527 196 3586 ille
223 3524 408 3585 iudicaverit.
451 3543 485 3584 ac
516 3525 645 3600 primum
673 3526 793 3600 quidem
823 3527 850 3586 si
876 3525 1034 3603 genetivus
1064 3520 1229 3600 Καιεάρων
1258 3526 1323 3586 sive

147 3608 309 3688 Καιεάρων
324 3604 362 3688 ιβ’
381 3613 419 3674 ad
433 3613 526 3672 verba
545 3610 648 3690 βιβλία
662 3604 691 3689 η’
710 3615 868 3692 pertineat,
887 3617 960 3676 haec
978 3615 1017 3674 ab
1036 3615 1089 3675 illo
1108 3615 1214 3677 divelli
1232 3634 1322 3690 posse

146 3707 237 3780 negat
255 3703 439 3778 interpositis
458 3703 558 3763 verbis
578 3700 717 3777 περιέχει
737 3700 772 3763 δὲ
792 3703 857 3766 κτλ.
892 3705 945 3765 sed
965 3698 1129 3778 Καιεάρων
1148 3704 1323 3780 genetivum

145 3814 203 3868 nou
222 3812 241 3852 a
258 3792 358 3852 verbis
384 3787 486 3868 βιβλία
505 3783 537 3866 η’
561 3792 690 3868 pendere
716 3811 762 3850 me
785 3795 903 3853 monuit
920 3793 1149 3854 Reifferscheid..
1180 3793 1324 3851 nimirum

147 3876 310 3956 Καιεάραιν
323 3900 377 3956 per
391 3901 422 3942 sa
436 3881 564 3942 indicem
578 3881 648 3941 libri
663 3881 836 3943 Suetoniani
851 3880 902 3960 (de
917 3883 980 3943 vita
994 3874 1172 3963 Caesarum)
1189 3882 1323 3942 exhibet.

145 3991 205 4032 non
222 3971 300 4031 enim
319 3989 387 4029 raro
406 3971 455 4045 fit,
474 3976 509 4031 ut
526 3971 672 4030 librorum
690 3970 802 4031 indices
827 3973 906 4031 nudo
925 3971 1066 4047 genetivo
1085 3989 1103 4030 a
1123 3970 1323 4046 scriptoribus

145 4059 313 4121 laudentur.
350 4079 439 4135 quem
462 4060 595 4136 genetivi
613 4079 701 4120 usum
723 4060 755 4118 in
773 4059 920 4122 indicibus
940 4061 1134 4136 antiquorum
1153 4060 1323 4136 vulgatum,

220 4213 265 4278 ¹⁸⁸)
289 4212 457 4280 ικομβρίζειν
479 4211 603 4281 explicat
625 4210 708 4267 Phot.
727 4212 894 4280 ικομβρίεαι·
913 4214 989 4281 παρὰ
1012 4214 1081 4282 Ἰόβᾳ
1105 4214 1135 4267 ἐν
1155 4207 1185 4279 β’
1210 4215 1324 4280 διεφθο-

145 4283 223 4351 pulo<
237 4285 347 4338 λέξεωτ·
362 4287 472 4338 παιδιὰ(
486 4284 617 4348 ἀεελγοῦ(
631 4285 716 4338 εῑδοε·
736 4285 900 4338 ἀποδίδοται
920 4287 965 4339 καί
984 4286 1102 4339 κατὰτὸ
1121 4287 1209 4352 ἢτρον
1223 4287 1322 4340 πλατεῖ

145 4361 186 4424 τῷ
204 4358 269 4410 ποδὶ
286 4356 454 4423 πλήττοντα(
476 4357 515 4409 ὼε
532 4356 631 4422 ψόφον
654 4356 824 4423 bertcaudus.
861 4356 954 4413 Nabar
979 4355 1136 4426 εκομβρίται
1160 4357 1321 4428 corruptum

145 4443 205 4484 esse
224 4425 383 4497 suspicatur
401 4443 415 4482 c
435 4427 613 4498 εκολαβρίιαι.
