3102 5158
222 265 288 330 324
432 281 440 302 ⁸
687 265 813 336 Lcopold
833 265 924 322 Cohn:

223 431 419 510 έφεύγοςαν,
447 435 518 511 quid
549 435 658 494 attinet
686 435 844 493 observare
873 430 909 494 ἐν
937 428 1089 495 Ἀττικαῖς
1119 427 1308 516 arrectus)
1345 439 1400 512 aut

224 525 356 583 Lacones
376 543 466 583 avum
485 523 595 583 dixisse
615 518 806 597 γεροντίανῗ
839 525 973 584 aetatum
991 525 1143 584 hominum
1164 524 1400 602 animaliumque

222 617 254 673 et
276 612 462 688 cognationis
486 613 704 688 affinitatisque
727 612 944 688 appellationes
974 631 1033 672 non
1056 611 1151 672 Attici
1174 615 1320 674 sermonis
1345 616 1399 674 sed

222 702 354 762 omnium
388 702 585 762 dialectorum
617 720 792 780 graecarum
827 721 988 778 congerere
1022 701 1139 761 studuit
1171 703 1398 779 Aristophanes

220 793 321 867 itaque
344 809 412 850 mea
438 791 558 866 quidem
584 790 733 858 sententia
756 791 922 850 rectissime
945 791 1051 850 Nauck
1070 811 1098 866 p.
1120 793 1159 852 75
1185 792 1399 869 Aristophanis

222 881 378 942 consilium
398 879 533 939 definivit
559 880 639 940 hisce
659 879 773 939 verbis:
798 874 963 955 ‘duplicem
982 881 1113 956 capitum
1137 882 1263 940 classem
1281 881 1400 946 Aristo·

222 971 335 1047 phanes
355 969 499 1046 distinxit,
519 989 646 1045 quarum
660 969 757 1028 altera
774 989 810 1028 ex
829 972 1005 1047 argumento
1021 969 1208 1046 singularum
1226 971 1399 1046 glossarum

222 1060 352 1136 repetita
371 1061 451 1118 esset
474 1078 634 1134 rerumque
658 1062 834 1133 sequeretur
857 1058 1003 1136 ordinem,
1024 1059 1121 1118 altera
1144 1061 1182 1118 ad
1206 1060 1334 1134 topicam
1358 1093 1397 1102 —

223 1153 258 1208 ut
277 1149 321 1208 ita
339 1147 435 1207 dicam
451 1181 493 1188 -
512 1149 677 1224 pertineret
695 1147 923 1223 descriptionem
938 1149 968 1207 et
987 1166 1063 1225 quae
1083 1147 1210 1226 siugulis
1225 1148 1399 1226 regionibus

225 1239 370 1314 usurpata
389 1237 501 1297 fuerint
520 1236 721 1314 percensenda
740 1237 797 1296 sibi
816 1230 976 1313 diligeret'.

313 1507 461 1582 Excerpta
479 1506 701 1582 Aristophanea
724 1506 755 1564 in
779 1505 922 1564 Eustathi
945 1505 1167 1565 commentariis
1192 1508 1224 1565 et
1246 1507 1398 1567 codicibus

223 1595 359 1655 Parisino
374 1596 475 1655 Athoo
489 1596 693 1655 Laurentiano
708 1596 829 1656 servata
839 1615 874 1654 ex
888 1613 947 1653 uno
957 1595 1125 1670 'eodemque
1140 1596 1222 1655 fonte
1236 1597 1396 1656 fluxerunt.

223 1686 275 1744 scd
294 1685 354 1744 illis
373 1685 558 1772 temporibus
577 1684 687 1744 librum
705 1703 766 1743 non
788 1684 848 1743 iam
871 1684 1022 1760 integrum
1048 1684 1140 1743 fuisse
1159 1684 1303 1762 vidimus3
1326 1705 1397 1744 nam

185 1773 189 1778 ’
222 1777 313 1851 longa
332 1777 500 1850 temporum
526 1774 602 1834 serie
622 1774 685 1833 eius
704 1773 835 1833 ambitus
859 1774 958 1850 magis
977 1773 1132 1850 magisque
1156 1777 1326 1834 contractus
1351 1779 1398 1834 cst

172 1935 175 1940 Ι
222 1884 257 1924 ac
284 1863 464 1923 deminutus.
510 1863 653 1922 Eustathi
683 1863 902 1923 commentariis
931 1863 1198 1939 quattuor-capita
1226 1864 1397 1939 glossarum

222 1953 460 2029 dignoscuntur„
476 1953 507 2010 M
525 1953 585 2011 tria
610 1952 708 2028 capita
731 1951 819 2010 valde
839 1955 979 2027 corrupta
1002 1971 1036 2012 ac
1055 1954 1195 2012 mutilata
1214 1953 1347 2026 exhibet,
1371 1953 1395 2012 L

221 2061 314 2100 unum
333 2043 432 2118 caput,
451 2041 694 2118 frg.Pa1isinum
713 2058 823 2116 paucas
839 2037 947 2101 λέξεις.
980 2042 1107 2100 cundem
1127 2041 1257 2102 codicem
1275 2042 1395 2102 videtur

223 2124 395 2190 adhibuisse
422 2149 587 2207 anonymus
611 2131 664 2189 ille
692 2130 952 2206 epistolographus
977 2131 1015 2190 ad
1038 2124 1179 2190 Alexium
1204 2129 1395 2192 Gomnenum.

221 2221 257 2278 de
277 2218 472 2294 scriptoribus
487 2220 619 2294 antiquis
635 2239 761 2296 quorum
775 2220 887 2295 scripta
901 2223 1033 2280 aetatem
1055 2221 1190 2280 tulerunt
1204 2239 1281 2279 unus
1298 2220 1395 2280 Aelia-

221 2328 276 2368 nus
299 2307 511 2384 Aristophanis
537 2305 656 2369 λέξεων
683 2307 795 2366 librum
819 2308 884 2384 ipse
911 2309 1051 2384 inspexit.
1097 2309 1189 2368 ceteri
1215 2328 1316 2369 omnes
1344 2310 1396 2385 qui

221 2395 341 2459 λέξεων
360 2397 650 2473 Aristophanearum
672 2397 847 2456 memoriam
870 2396 918 2455 hic
942 2397 1005 2456 illic
1023 2401 1231 2475 propagarunt
1254 2417 1313 2457 non
1337 2399 1396 2474 ipsi

222 2487 333 2546 librum
353 2487 537 2562 evolverunt,
558 2487 610 2546 sed
628 2485 748 2544 aliunde
767 2485 830 2544 eius
850 2486 1032 2563 mentionem
1051 2486 1230 2546 delibarunt.
1267 2487 1303 2546 de
1322 2487 1395 2547 fatis

224 2573 345 2637 λέξεων
372 2575 661 2652 Aristophanearum
689 2594 784 2652 pauca
807 2575 912 2634 Nauck
937 2567 979 2657 (p.
1002 2569 1057 2658 77)
1085 2576 1291 2652 adumbravit,
1319 2596 1395 2652 quae

212 2684 302 2728 ,nunc
322 2667 352 2724 et
370 2665 547 2742 corrigenda
566 2668 597 2724 ct
615 2665 781 2741 supplenda
799 2664 947 2725 videntur.
979 2665 1044 2725 iure
1062 2665 1169 2725 Nauck
1187 2665 1397 2725 Aristarchum

220 2754 385 2830 Didymum
407 2754 598 2830 Pamphilum
620 2755 786 2814 nominavit
811 2753 1021 2830 Aristophanis
1046 2754 1263 2829 compilatores.
1304 2757 1395 2830 atque

222 2843 416 2902 Aristarchus
436 2843 555 2918 quidem
574 2844 606 2901 in
630 2842 864 2918 interpretandis
884 2842 1007 2903 Homeri
1027 2843 1209 2914 carminibus
1229 2863 1318 2919 quam
1336 2843 1395 2901 fre·

222 2935 348 3008 quanter
366 2951 401 2991 ac
420 2933 551 2992 studiose
574 2931 712 3008 magistri
732 2931 897 2990 doctrinam
920 2931 1104 3006 adhibuerit,
1127 2931 1266 2992 vidimus.
1303 2932 1395 3008 Didy-

219 3041 307 3080 mum
326 3021 433 3102 deinde
451 3021 578 3097 primam
593 3024 709 3098 partem
724 3020 830 3096 capitis
850 3017 922 3094 περὶ
942 3015 1112 3094 ὀνομαςίνις
1126 3017 1257 3094 ἡλικιῶν
1276 3021 1307 3081 in
1322 3017 1394 3094 ςύμ·

222 3126 315 3185 μικτα
334 3130 389 3170 sua
407 3110 599 3170 transtulisse
619 3111 785 3185 ceterisque
804 3108 1016 3185 Aristophanis
1036 3109 1142 3185 opibus
1162 3128 1251 3186 saepe
1270 3111 1300 3168 in
1319 3130 1395 3170 com·

223 3199 379 3259 menteriis
394 3201 426 3258 et
443 3199 475 3258 in
492 3198 594 3258 lexicis
610 3199 721 3259 comico
736 3202 768 3258 et
785 3198 900 3274 tragico
919 3218 1006 3258 usum
1022 3217 1087 3258 esse
1103 3199 1164 3258 suis
1182 3199 1255 3258 locis
1270 3200 1394 3259 adnota-

221 3289 328 3349 vimus.
361 3289 537 3364 Pamphilus
553 3307 632 3366 vere,
651 3308 719 3347 cum
734 3287 949 3363 amplissimam
965 3289 1134 3364 glossarum
1149 3291 1179 3348 et
1195 3285 1299 3349 rerum
1313 3292 1396 3348 nota-

223 3379 329 3438 bilium
348 3379 485 3456 syllogen
505 3378 660 3451 conderet,
685 3377 784 3453 capita
803 3377 949 3452 quaedam
968 3375 1088 3439 λέξεων
1106 3377 1395 3454 Aristophanearum

220 3469 341 3545 integra
364 3467 395 3526 in
418 3486 494 3543 opus
519 3488 606 3527 suum
629 3467 749 3528 videtur
775 3467 967 3527 transtulisse
993 3463 1043 3543 (cf.
1062 3468 1102 3526 M.
1122 3466 1256 3526 Schmidt
1274 3466 1395 3537 Quaest.

220 3556 350 3633 Hesych.
374 3576 404 3631 p.
429 3549 571 3636 CLXXI).
609 3556 720 3615 etenim
745 3551 927 3616 Λακωνικὰς
946 3551 1089 3628 γλώςςας
1113 3575 1132 3614 a
1150 3555 1307 3630 Pamphilo
1331 3575 1396 3616 esse

221 3647 382 3720 usurpatas
397 3645 510 3704 diserte
524 3647 654 3704 testatur
668 3644 778 3704 Athen.
792 3643 838 3701 III
853 3647 919 3704 ‘I'la
937 3638 1058 3724 (Nauck
1072 3645 1129 3721 frg.
1144 3635 1266 3724 XXXI).
1292 3645 1395 3721 itaque

221 3754 257 3793 ex
276 3733 380 3793 codem
398 3733 556 3810 Pamphilo
574 3734 765 3793 Athenaeum
792 3733 919 3792 alteram
938 3734 1070 3792 eiusdem
1089 3733 1195 3808 capitis
1214 3734 1395 3794 mentionem

220 3823 267 3882 III
283 3825 349 3882 aaa
363 3813 485 3904 (Nauck
500 3823 557 3899 frg.
571 3815 701 3898 XXXII)
717 3825 748 3881 et
761 3815 994 3897 κρεοκάκκαβος
1009 3822 1187 3882 vocabulum
1202 3822 1240 3881 ad
1254 3818 1394 3885 Λακωνι-

220 3907 276 3971 κὰς
295 3906 437 3983 γλώςςας
455 3912 654 3972 revocandum
674 3911 716 3969 IX
737 3909 828 3970 3846
847 3907 966 3987 (Nauck
985 3912 1042 3988 frg.
1056 3905 1174 3970 LXXV.
1193 3931 1220 3970 v.
1236 3931 1301 3988 sup.
1315 3931 1343 3970 n.
1361 3901 1394 3990 6)

219 4000 354 4060 hausisse
378 4000 519 4060 credibile
538 4002 593 4062 est.
638 3997 776 4075 λεπαςτή
801 4000 934 4078 glossam
957 3991 1077 4078 (Nauck
1096 4001 1154 4078 frg.
1173 3995 1331 4080 LXXVII)
1356 4000 1393 4058 ad

218 4085 359 4150 Ἀττικὰς
387 4087 487 4152 λέξεις
517 4109 608 4166 supra
639 4093 809 4150 revocatam
833 4089 939 4148 Athen.
963 4089 1007 4148 XI
1030 4090 1122 4150 485d
1150 4091 1231 4150 haud
1258 4087 1347 4148 dubie
1375 4105 1393 4145 a

292 4313 327 4382 87)
347 4312 427 4380 Quod
445 4327 543 4366 vocem
562 4311 736 4366 Rhodiacam
756 4314 851 4377 ἄμβων
873 4311 1074 4382 Aristophanes
1094 4315 1124 4368 ἐν
1144 4315 1275 4367 Ἀττικαῖς
1293 4310 1393 4364 λέξεςιν
1480 4377 1482 4384 y

220 4383 375 4455 explicavit
389 4383 499 4455 (Nauck
514 4402 540 4453 p.
559 4386 625 4453 186),
648 4383 677 4438 id
691 4382 802 4438 Rohdei
817 4383 1006 4439 coniecturam
1021 4384 1135 4440 minime
1150 4381 1277 4450 adiurat3
1297 4383 1393 4450 ἄμβων

220 4457 293 4514 enim
314 4459 344 4512 ct
364 4457 400 4512 ab
419 4453 522 4511 Atticis
541 4454 724 4528 scriptoribus
744 4456 909 4526 usurpatum
928 4457 978 4512 est.
