3102 5158
200 263 264 328 288
671 261 796 332 Leopold
815 262 907 322 (John

202 432 282 509 quod
299 433 395 491 multa
413 431 583 507 fragmenta
601 449 678 508 quae
696 430 776 506 apud
795 431 979 506 Nauckium,
1002 434 1082 510 quod
1105 434 1203 494 titulis
1228 436 1378 512 carebant,

203 521 281 581 sedis
297 523 383 580 erant
395 519 527 580 incertae
541 539 620 579 nunc
633 522 746 578 certam
756 519 892 580 obtinent
901 522 1001 582 sedem
1012 515 1065 603 (οι,
1074 522 1233 582 Fresenius
1243 543 1272 599 p.
1284 517 1376 603 20).7)

202 611 399 686 archetypum
424 629 528 668 eorum
551 608 655 688 multis
678 609 751 668 locis
774 614 946 686 corruptum
970 613 1001 678 et
1023 611 1196 674 mutilatum
1220 613 1313 673 fuisse
1333 633 1378 674 co-

203 699 319 758 dicibus
338 698 399 758 illis
418 699 497 758 inter
511 717 543 758 se
559 701 589 758 et
603 717 671 757 cum
684 698 845 758 Eustathio
860 699 976 760 collatis
995 701 1232 761 luculentissime
1246 706 1379 778 apparet.

202 789 344 848 Eustathi
362 789 515 863 exemplar
537 788 632 847 multo
656 790 722 847 erat
744 787 875 862 plenius:
899 789 1072 848 testimonia
1091 790 1269 865 scriptorum
1289 783 1378 872 (χρή-

203 869 279 958 (erc)
289 877 463 954 frequenter
477 877 515 936 ab
529 876 689 936 Eustatliic
703 875 827 937 laudata
841 878 1017 938 omniafere
1031 897 1049 937 a
1063 878 1146 938 codd.
1160 879 1217 938 ML
1231 873 1379 960 absunt.⁷)

206 1093 233 1150 1.
256 1085 351 1164 Περὶ
374 1087 449 1148 τῶν
472 1082 800 1180 ὑποπτευομένων
822 1087 865 1166 μὴ
890 1085 1061 1166 εἰρῆιθαι
1082 1093 1166 1154 rote
1190 1091 1380 1156 nuluroic.

291 1215 469 1274 Eustathius
483 1235 512 1290 p.
530 1216 623 1289 1761,
639 1216 682 1274 20
700 1216 802 1290 plures
822 1217 938 1292 glossas
957 1217 1096 1294 deinceps
1115 1218 1230 1294 profert
1247 1219 1294 1282 his
1313 1240 1378 1281 ver-

203 1305 263 1364 bis:
292 1297 311 1361 ὁ
339 1299 374 1362 δὲ
402 1300 460 1364 τὸν
484 1296 603 1363 (ἀνναν
631 1303 747 1364 τοῦτον
776 1300 1081 1381 ποραεημηνάμενοε
1109 1301 1380 1384 Ἀριττοφὰνητὸ

203 1385 450 1474 γραμματικὸεθ)
474 1388 525 1451 καὶ
549 1385 649 1453 ἄλλα(
673 1388 828 1454 ἐκτίθεται
852 1391 1122 1471 καινοφώνουε
1145 1393 1282 1472 λέξειι,
1310 1393 1381 1459 οἷον

204 1477 336 1543 ἄιιλλαν
359 1481 424 1541 κτλ.
449 1481 598 1542 similibus
621 1503 650 1558 p.
670 1484 748 1558 279,
769 1484 810 1542 38
831 1478 942 1544 ...ὼε
966 1479 984 1544 ὁ
1008 1481 1221 1559 γραμματικὸς
1243 1480 1380 1561 Ἀριετο-

204 1566 311 1648 φάνη(
334 1567 518 1645 παρέπηξεν
542 1564 590 1630 οἱ(
615 1565 678 1646 ἔφη
703 1567 791 1646 περὶ
819 1569 1055 1648 καινοτέρων
1083 1571 1233 1637 λέξεων.
1272 1576 1381 1653 quibus

203 1660 300 1720 titulis
321 1659 397 1719 nihil
420 1659 528 1720 tribuit
546 1660 665 1734 Nauck,
689 1679 756 1720 cum
780 1661 892 1720 diceret
915 1653 957 1742 (p.
979 1664 1039 1721 181
1061 1667 1122 1722 not.
1144 1655 1191 1744 1):
1219 1657 1283 1724 ‘sed
1307 1685 1381 1742 quas

203 1751 289 1810 Eust.
307 1769 336 1824 p.
357 1750 436 1824 279,
456 1750 508 1826 38,
525 1769 554 1824 p.
576 1751 675 1824 1761,
697 1752 746 1810 19.
767 1751 807 1809 23
833 1750 921 1810 affert
943 1749 1129 1827 καινοτέραε
1149 1756 1179 1812 οι
1197 1749 1307 1813 καινὰε
1330 1751 1382 1815 καὶ

204 1833 369 1912 ἀευνήθειε
397 1837 459 1899 sive
488 1833 714 1914 rurvopdrvouc
743 1835 855 1913 λέξεις,
883 1840 920 1898 iis
943 1859 1030 1899 nemo
1053 1840 1182 1916 amplius
1211 1842 1382 1918 opinabitur

205 1927 338 1988 ordinem
360 1926 485 1986 indicari
508 1928 546 1987 ab
565 1926 767 2004 Aristophane
789 1927 951 1988 instutum:
974 1929 1065 1989 immo
1084 1931 1170 1990 Eust.
1188 1931 1232 1990 nil
1256 1933 1382 2008 praebet

203 2017 262 2076 nisi
273 2017 410 2094 syllogen
424 2015 575 2076 variorum
589 2018 741 2077 nominum
756 2017 819 2077 sive
833 2019 1002 2093 glossarum
1017 2020 1254 2081 ediversissimis
1267 2020 1381 2082 Aristo·

192 2105 312 2183 phanei
323 2105 420 2181 operis
434 2105 571 2180 partibus
585 2099 765 2168 conflatam'.
787 2107 890 2183 itaque
900 2108 1016 2184 glossas
1027 2109 1065 2168 ab
1076 2109 1236 2169 Eustathio
1246 2131 1274 2186 p.
1287 2113 1382 2187 1761,

207 2199 246 2256 22
267 2194 399 2270 prolatas
419 2194 596 2272 fragmentis
615 2195 694 2255 sedis
712 2195 844 2255 incertae
863 2197 1003 2272 ascripsit
1020 2189 1091 2278 (frg.
1110 2192 1381 2281 XLIII-LVIII).

205 2283 322 2344 Naucki
337 2282 486 2343 sententia
499 2283 669 2360 improbata
684 2282 756 2345 Otto
772 2283 933 2345 Schneider
947 2278 1046 2367 (Neue
1056 2287 1076 2344 J
1078 2306 1122 2346 cn.
1132 2287 1284 2364 Litt-Ztg.
1296 2291 1381 2349 1848

205 2394 233 2449 p.
259 2364 337 2452 977)
365 2372 516 2448 peculiare
544 2376 634 2448 caput
666 2369 738 2448 περὶ
765 2370 961 2449 καινοτέρων
988 2372 1109 2440 λέξεων
1136 2376 1228 2446 fuisse
1257 2378 1383 2438 coniecit
1436 2446 1439 2450 ,

206 2462 293 2538 eique
307 2461 471 2538 fragmenti
484 2461 613 2521 Parisini
629 2464 834 2540 paragraphos
851 2466 969 2537 1-11,
988 2464 1176 2524 undecimam
1194 2466 1275 2525 haud
1293 2471 1382 2545 recte,

206 2551 324 2628 aliaque
343 2550 513 2629 fragmenta
530 2550 700 2612 vindicavit.
739 2571 828 2629 quarn
848 2552 1048 2613 coniecturam
1067 2573 1169 2615 veram
1193 2573 1258 2616 esse
1282 2557 1383 2618 docuit

206 2659 267 2700 exc.
287 2639 326 2714 M,
345 2640 398 2699 ubi
417 2659 519 2700 omnes
538 2639 601 2700 fere
619 2642 739 2718 glossae
758 2643 796 2702 ab
813 2641 974 2702 Eustathio
989 2643 1009 2704 l.
1023 2644 1043 2703 l.
1058 2647 1219 2720 congestae
1237 2645 1268 2704 in
1287 2647 1383 2722 capite

206 2725 280 2804 περὶ
302 2727 368 2789 τῶν
388 2724 662 2804 ὑποπτευομένων
681 2732 832 2808 leguntur,
851 2734 887 2792 ut
905 2732 1037 2792 dubitari
1056 2737 1193 2810 nequeat,
1213 2735 1285 2811 quin
1303 2735 1382 2795 idern

207 2821 298 2894 caput
315 2819 426 2879 indicet
439 2819 626 2921 Flustathius,
644 2819 724 2879 idem
739 2823 911 2898 excerptum
927 2821 970 2880 Μι
989 2822 1086 2882 Eusta
1087 2822 1168 2882 thius
1186 2842 1294 2899 nempe
1311 2825 1383 2883 titu-

150 2944 154 2950 ·
208 2909 272 2967 lum
292 2907 399 2984 capitis
418 2908 479 2968 suis
498 2909 597 2969 verbis
617 2907 856 2986 circumscripsit.

297 2997 451 3058 Habemus
469 2998 563 3074 igitur
580 3001 642 3058 tres
661 2999 750 3058 huius
765 2998 871 3074 capitis
887 2999 1102 3076 Aristophanei
1115 2999 1222 3075 fontes,
1241 3001 1384 3062 Eustathi

207 3087 437 3148 commentarios
448 3086 821 3165 excerptumeragmen
822 3107 873 3146 um
882 3088 1060 3149 Parisinum.
1082 3089 1244 3165 fragmenti
1253 3089 1384 3151 Par1s1n1

207 3309 355 3366 Fresenius
367 3326 394 3379 p.
406 3314 448 3364 23.
464 3315 496 3364 71
507 3328 534 3363 ιι.
544 3315 570 3364 4.
590 3341 624 3348 -
644 3311 666 3379 7)
684 3309 831 3365 Fresenius
846 3311 937 3366 certas
952 3310 1031 3366 sedes
1045 3310 1200 3366 vindicavit
1216 3312 1384 3384 fragmentis

208 3381 283 3451 apud
297 3380 456 3436 Nauckium
472 3379 547 3436 sedis
563 3380 689 3436 incertae
708 3386 821 3438 37-68.
842 3389 883 3438 60.
904 3387 946 3437 61.
967 3387 1080 3437 66-68.
1096 3387 1209 3438 70-74.
1225 3387 1267 3439 82.
1283 3391 1326 3441 86.
1342 3394 1383 3442 89.

208 3455 243 3508 de
266 3451 380 3519 reliquis
404 3469 513 3522 quoqne
540 3453 729 3507 coniecturam
752 3454 882 3522 equidem
905 3453 997 3508 facere
1021 3453 1119 3508 audeo.
1157 3453 1191 3508 de
1215 3455 1268 3525 frg.
1288 3463 1330 3512 36.
1351 3465 1383 3514 79

209 3523 334 3593 capitia.
344 3541 368 3577 τ.
379 3525 480 3577 bacar.
497 3522 654 3578 tribuendis
667 3523 740 3579 infra
755 3524 846 3580 dicam
859 3527 896 3594 (p.
905 3528 976 3594 297).
1001 3523 1053 3595 frg
1070 3530 1103 3580 75
1117 3526 1286 3580 Λακωνικαῖς
1298 3530 1384 3593 γλώε-

208 3611 264 3650 (ατε
282 3593 487 3721 ιιοοῐιςιιοὲιὶιιιέιξ
500 3593 611 3732 ἴιὲοὲιιι
629 3594 701 3735 clpll.
712 3595 768 3720 flrgg2
784 3602 827 3652 31
821 3597 1384 3739 ωόιῖθοιιπΑξὲικιὸιὶε(λΐέξέτιΟὲιοοιιιὲιᾷιι3

209 3665 309 3734 opinor
333 3682 347 3717 ι
512 3682 527 3719 ο
589 3681 641 3720 auc
783 3684 810 3724 n.
1123 3683 1137 3721 ο
1200 3685 1214 3720 ι

209 3735 311 3804 Klein).
331 3683 374 3791 Sd.
390 3742 433 3805 90,
451 3735 576 3790 indidem
594 3683 711 3792 fortaspse
730 3735 781 3808 frg.
801 3754 835 3792 ex
854 3737 931 3792 Ειοι.
910 3737 1002 3806 t.frg
1018 3742 1051 3792 66
1067 3736 1159 3805 (Klein
1171 3756 1198 3808 p.
1215 3740 1258 3808 19)
1267 3687 1384 3798 pAristo

209 3807 326 3878 phaneis
342 3807 501 3862 addendum
518 3809 638 3874 κοχώνη.
657 3810 767 3864 restant
784 3808 993 3864 observationes
1012 3807 1150 3877 quaedam
1164 3810 1201 3864 ad
1218 3810 1384 3892 interpreta-

209 3879 315 3934 tionem
334 3880 363 3934 et
385 3878 546 3948 prosodiam
565 3895 666 3934 vocum
688 3879 899 3934 Homericarum
921 3881 1095 3949 spectantes,
1123 3896 1250 3948 quaem
1221 3884 1385 3942 mscholiis

209 3948 366 4005 Homericis
376 3952 637 4032 commemorantur,
649 3950 701 4020 frg.
712 3956 754 4006 62.
764 3955 806 4006 80.
817 3955 860 4006 83.
870 3957 912 4006 84.
924 3956 967 4006 87.
978 3954 1021 4018 88,
1040 3949 1140 4019 quibus
1154 3953 1264 4010 accedit
1277 3957 1385 4012 notatio

210 4020 402 4091 prosodiaca
393 4039 423 4076 ιιι
442 4021 528 4077 schol
548 4022 594 4077 Ar.
613 4022 687 4077 Nuh.
708 4027 777 4078 1160
796 4027 906 4077 servata
924 4021 988 4092 (frg.
1007 4022 1065 4091 63)ι
1089 4039 1159 4090 quas
1178 4025 1385 4084 observationes

210 4093 247 4147 ab
256 4093 357 4148 λέξεων
367 4091 440 4146 libro
442 4109 518 4161 ‚quc
527 4093 621 4162 recepi
622 4093 752 4160 tNauck,
765 4110 878 4176 prorsus
892 4093 998 4150 alienas
1012 4109 1102 4162 eoque
1116 4099 1297 4152 removendas
1307 4101 1385 4179 puto.

211 4163 341 4219 videntur
359 4166 455 4219 autam
472 4164 543 4219 haec
562 4165 762 4220 adnotamenta
780 4165 853 4221 sicut
868 4166 961 4220 cetera
975 4181 1046 4234 quae
1065 4165 1159 4223 ferunt
1146 4170 1192 4223 tur
1206 4170 1242 4222 ad
1257 4169 1384 4238 exegesin

211 4234 326 4290 Homeri
344 4235 502 4304 spectantia
519 4250 569 4306 per
588 4234 739 4306 discipulos
757 4235 842 4291 fuisse
860 4237 1046 4307 propagata(
1036 4236 1146 4305 (Nauck
1211 4245 1253 4294 21.
1268 4245 1321 4306 23).
1350 4241 1384 4295 de

212 4307 277 4362 sede
301 4305 353 4376 frg.
377 4313 426 4375 69,
449 4306 524 4375 quod
542 4325 628 4362 unum
647 4310 787 4377 superest,
761 4306 885 4363 tinfra
907 4307 1006 4364 dicam.
1036 4339 1069 4350 -
1101 4245 1313 4378 >niet
1241 4309 1262 4363 L
1282 4309 1385 4366 litteris

213 4377 374 4432 Fresenium
394 4348 505 4433 adsutus
519 4378 642 4434 Athoum
662 4381 692 4434 et
708 4379 927 4436 Laurentianum
946 4379 1055 4435 codices
1074 4379 1285 4450 significavi-
1302 4381 1386 4452 ⁸)Sic

212 4449 288 4506 Eust.
300 4448 516 4522 tristophanem
533 4450 688 4508 omnibus
706 4450 777 4510 locis
790 4451 901 4524 laudat,
914 4450 962 4509 ubi
976 4452 1141 4524 glossarum
1147 4451 1290 4522 exemplar
1305 4453 1384 4510 adiit.
