3102 5158
143 257 185 316 De
198 257 385 330 Aristophane
399 255 534 330 Byzantio
548 259 578 315 et
592 253 724 315 Suetonio
738 256 904 328 Tranquillo
914 255 1047 314 Euststhi
1061 256 1230 316 auctoribus.
1249 254 1314 324 327

142 448 219 505 quae
237 428 461 490 Reifferscheidi
479 427 629 488 sententia
646 428 759 504 optime
773 427 947 489 confirmata
966 432 1012 490 est
1031 429 1177 506 excerptis
1195 429 1315 505 quibus-

143 518 212 578 dam
231 517 420 578 Suetonianis
440 521 499 577 una
517 537 585 578 cum
604 517 834 594 Aristophaneis
853 518 883 577 in
902 518 1053 578 codicibus
1073 519 1174 578 Athoo
1194 523 1224 578 et
1238 519 1316 578 Lau-

142 609 279 668 rentiano
302 608 447 681 inventis,
467 607 575 683 quibus
595 607 766 683 fragmenta
790 627 806 667 e
826 606 941 667 duobus
961 606 1085 668 Suetoni
1104 608 1189 667 libris
1208 627 1316 685 graece
1362 609 1364 612 ’

143 697 262 773 scriptis
283 698 450 770 traduntur,
470 715 597 772 quorum
617 715 694 756 unus
713 693 786 770 περὶ
805 693 980 772 δυεφήμων
1004 694 1124 759 λέξεων
1142 693 1213 772 ἤτοι
1240 697 1314 772 βλα-

144 785 289 862 (φημιῶν
314 782 365 846 καὶ
384 780 485 846 πόθεν
505 779 617 860 ἑκάετη
640 786 719 845 alter
742 782 815 859 περὶ
836 785 905 846 τῶν
927 779 1008 860 παρ’
1028 769 1155 860 “eliber
1179 785 1315 847 παιδιῶν

143 879 208 934 erat
221 875 382 951 inscriptus
396 870 447 952 (cf.
463 874 546 935 Suid.
561 893 621 935 av.
635 869 865 955 Τράγκυλλοε).
889 875 1003 935 codices
1018 875 1074 934 ML
1090 879 1229 952 excerpta
1242 875 1316 934 Sue-

142 964 265 1024 toniana
281 968 348 1022 arte
367 964 524 1023 coniuncta
538 963 680 1023 exhibent
698 983 765 1023 cum
779 964 1015 1040 Aristophaneis,
1034 966 1069 1023 ut
1083 983 1191 1041 agmen
1205 965 1317 1025 ducant

141 1053 312 1130 fragmenta
331 1072 347 1113 e
366 1053 444 1113 libro
463 1049 536 1126 περὶ
557 1051 762 1128 βλαεφημιῶν
783 1053 957 1129 Tranquillo
976 1054 1093 1114 nomine
1112 1055 1144 1112 in
1162 1055 1193 1112 M
1211 1057 1316 1114 notata

143 1134 331 1223 ((ουητίνου
350 1138 556 1216 Τρογκύλλου
581 1139 654 1215 περὶ
679 1141 886 1218 βλαεφημιῶν
910 1139 961 1202 καὶ
984 1136 1086 1203 πόθεν
1105 1135 1246 1224 tudem),
1271 1162 1317 1203 se-

142 1233 274 1307 quautur
292 1235 432 1307 excerpta
450 1230 686 1308 Aristophanae,
709 1233 818 1308 quibus
841 1232 877 1291 de
897 1231 1049 1307 superiore
1067 1233 1164 1308 capite
1183 1233 1316 1308 disputa·

142 1321 250 1394 vimus,
270 1339 378 1396 agmen
397 1321 538 1380 claudant
555 1321 726 1396 fragmenta
743 1340 759 1380 e
778 1321 855 1380 libro
874 1317 947 1394 περὶ
965 1319 1111 1382 παιδιῶν.
1139 1323 1229 1397 atque
1248 1341 1315 1381 cum

142 1410 190 1468 his
210 1408 409 1469 Suetonianus
427 1410 570 1486 permulti
592 1409 649 1470 loci
667 1409 860 1470 Eustatbiani
883 1410 957 1469 adeo
980 1411 1174 1487 conveniunt,
1198 1412 1234 1468 ut
1256 1411 1315 1470 Eu·
1340 1417 1344 1422 ’

142 1497 273 1558 stathius
292 1499 364 1575 quin
388 1500 492 1559 eadem
511 1498 635 1559 Suetoni
656 1499 802 1559 librorum
821 1503 961 1575 excerpta
983 1499 1022 1557 ad
1044 1519 1151 1560 manus
1175 1500 1316 1560 habuerit
1353 1514 1356 1521 '

142 1588 274 1647 dubitari
292 1591 435 1664 nequeat,
459 1589 516 1648 etsi
539 1606 577 1647 ne
601 1607 660 1649 uno
679 1588 800 1664 quidem
822 1589 886 1650 loco
906 1588 1115 1666 Tranquillum
1139 1590 1315 1649 nominatim

142 1677 256 1738 laudat.

230 1766 380 1842 Excerpta
408 1763 480 1841 περὶ
512 1765 721 1842 βλαεφημιῶν
753 1785 829 1843 quac
861 1765 893 1825 in
921 1766 1063 1826 Eustathi
1090 1769 1313 1828 commentariis

142 1855 286 1931 leguntur
318 1855 424 1915 Nauck
456 1856 527 1916 olim
559 1855 757 1938 Aristophani
783 1855 929 1933 Byzantio
956 1855 1160 1917 vindicaverat
1191 1860 1314 1934 propter

141 1945 345 2021 fragmentum
362 1945 540 2019 Parisinum,
564 1945 648 2005 cuius
666 1946 807 2006 extremis
825 1946 934 2023 glossis
954 1948 1097 2021 quattuor
1116 1938 1151 2024 (ξ
1168 1941 1313 2027 19-22)

142 2033 220 2093 idem
239 2037 451 2110 argumentum
473 2037 634 2112 tractatur3
658 2035 812 2111 inscriptio
837 2034 914 2096 enim
937 2034 1100 2110 fragmenti
1119 2034 1247 2094 Parisini
1264 2029 1315 2096 Ἐκ

141 2121 208 2182 τῶν
231 2115 479 2198 Ἀριετοφάνουε
497 2123 556 2183 τοῦ
575 2121 647 2197 περὶ
671 2121 791 2186 λέξεων
814 2117 1024 2199 διαλαβόντος
1042 2123 1081 2182 ad
1103 2143 1206 2184 omnes
1227 2123 1315 2184 XXII

142 2212 259 2288 glossas
277 2219 342 2271 tum
361 2212 557 2274 referebatur.
575 2265 576 2272 ,
594 2216 685 2289 atquo
704 2214 796 2272 etiam
815 2208 1020 2287 εκινθαρίζειν
1039 2215 1070 2272 et
1087 2207 1314 2286 ῥαθαπυγίζων

141 2302 260 2376 glossas
283 2293 355 2380 (irg.
374 2301 442 2360 Par.
462 2300 481 2377 ξ
503 2296 558 2384 18)
582 2303 673 2378 capiti
692 2299 764 2377 περὶ
784 2300 991 2378 βλαεφημιῶν
1009 2301 1116 2360 Nauck
1139 2302 1314 2379 assignavit.

141 2409 220 2448 nuuc
238 2409 310 2451 vero
323 2390 401 2450 libro
415 2391 551 2452 Parisino
570 2392 738 2452 accuratius
756 2393 890 2468 inspecto
909 2394 1028 2450 constat
1045 2391 1129 2450 illam
1147 2392 1315 2468 inscriptio·

142 2497 211 2537 nem
229 2479 267 2537 ad
281 2482 486 2557 paragraphus
503 2485 609 2542 1-—1v
624 2484 744 2542 tantum
758 2481 918 2558 pertinere,
936 2480 1046 2557 glossis
1062 2483 1191 2540 18—22
1206 2500 1315 2541 nomen

142 2567 267 2628 Suetoni
286 2568 454 2645 Tranquilli
473 2571 544 2628 olim
568 2571 660 2630 fuisse
678 2570 882 2646 praepositum
901 2563 951 2647 (cf.
970 2569 1129 2628 Trcsenius
1148 2590 1175 2646 p.
1197 2561 1314 2651 76)⁸⁹);

141 2658 259 2732 glossae
274 2661 375 2718 autem
390 2655 594 2733 εκινθαρίζειν
609 2663 640 2719 et
654 2653 879 2734 ῥαθαπυγίζων
893 2678 953 2718 non
971 2656 1040 2731 ut§
1057 2661 1187 2718 19—22
1203 2679 1219 2718 e
1237 2661 1315 2719 libro

141 2743 214 2819 περὶ
234 2745 441 2823 βλαεφημιῶν
460 2748 513 2808 sad
531 2767 548 2808 e
567 2748 669 2808 libello
689 2744 761 2822 περὶ
780 2747 917 2809 παιδιῶν
937 2751 1094 2824 excerptae
1113 2751 1192 2812 sunt.

326 2908 352 2970 Ι.
378 2905 474 2983 Περὶ
494 2879 743 2985 βλαεφημιῶν
762 2904 825 2968 καὶ
844 2902 963 2969 πόθεν
982 2902 1124 2983 ἑκάετη.

229 3031 327 3092 Huius
342 3033 411 3094 libri
425 3033 608 3110 Suetonium,
623 3035 797 3112 priusquam
812 3037 951 3110 excerpta
964 3033 995 3092 M
1015 3035 1221 3110 vulgarentur,
1240 3035 1315 3094 nibil

141 3124 207 3180 erat
221 3123 375 3199 cognitum
393 3123 451 3182 nisi
465 3124 573 3184 titulus
593 3116 655 3205 (ap.
670 3123 752 3184 Suid.
767 3143 789 3184 a.
804 3145 832 3185 v.
851 3117 1071 3204 Τρὰγκυλλοε)
1090 3127 1121 3182 et
1135 3143 1195 3183 una
1213 3126 1315 3200 glossa

142 3204 203 3289 (ap.
223 3210 271 3270 llt.
290 3211 351 3288 Mg.
374 3214 450 3290 151,
470 3206 526 3290 35)
546 3208 777 3288 ἀρχολίπαροε·
801 3207 820 3272 ὁ
840 3211 998 3286 λιπαρῶν,
1020 3207 1076 3287 ἵνα
1098 3207 1198 3288 ἀρχῆς
1221 3209 1314 3292 τύχῃ·

141 3297 161 3374 ἢ
181 3293 200 3358 ὁ
218 3294 254 3359 ἐκ
271 3299 330 3359 τοῦ
349 3293 460 3375 ἄρχειν
479 3297 719 3378 λιπαινόμενοε·
738 3299 825 3362 οὕτω
843 3297 1060 3376 Τραγκύλλων
1079 3299 1152 3376 περὶ
1172 3300 1312 3378 βλαεφη-

146 3387 236 3463 μνῶν.
268 3407 344 3464 quae
359 3408 426 3448 cum
441 3391 554 3451 eisdem
567 3393 666 3452 verbis
682 3392 761 3467 apud
775 3392 862 3450 Eust.
875 3393 984 3470 p210,
999 3392 1041 3450 47
1061 3391 1189 3468 legatur,
1210 3391 1315 3452 Sueto·

144 3478 227 3538 nium
245 3478 387 3538 Eustathi
407 3484 559 3540 auctorem
577 3481 669 3540 fixisse
692 3481 780 3540 facile
798 3480 892 3540 conici
909 3480 1018 3555 potuit.
1049 3497 1126 3555 quae
1144 3481 1316 3541 coniectura

144 3561 290 3644 excerptis
313 3568 356 3642 M,
385 3568 438 3627 ubi
464 3568 568 3630 eadem
595 3571 697 3647 glossa
723 3574 833 3645 exstat,
856 3568 1031 3629 confirmata
1053 3571 1109 3630 est.
1155 3570 1208 3629 sed
1236 3571 1316 3647 apud

144 3657 337 3716 Eustathium
356 3655 482 3718 Suetoni
503 3659 622 3735 glossae
640 3659 923 3735 observationesque
945 3677 999 3735 per
1020 3661 1119 3719 totum
1137 3663 1316 3719 commenta-

145 3745 223 3803 rium
242 3745 393 3822 dispersae
417 3748 573 3825 leguntur,
596 3752 631 3808 ut
652 3749 721 3808 indo
744 3749 900 3809 consilium
923 3766 958 3807 ac
978 3747 1203 3824 dispositionem
1221 3749 1316 3809 libelli

147 3832 321 3894 Suetoniani
339 3837 422 3897 nullo
445 3838 532 3897 modo
556 3857 727 3915 cognoscas.
767 3843 858 3915 atque
881 3836 954 3896 baec
976 3837 1106 3897 maxima
1129 3841 1175 3897 est
1197 3838 1314 3899 utilitas

145 3921 253 3982 codicis
278 3923 321 4000 M,
347 3927 427 4000 quod
451 3927 640 4004 singulorum
663 3927 796 4005 capitum
824 3925 930 3988 titulos
956 3926 1083 3986 exbibet
1122 3927 1315 4004 Tranquillus

145 4011 237 4086 enim,
256 4012 441 4087 praefatione
464 4034 524 4092 qua
549 4017 586 4077 de
605 4015 772 4078 Homericis
795 4014 934 4078 conviciis
958 4016 1124 4092 disputavit
1140 4019 1315 4096 praemissa,
1394 4031 1397 4038 ’

217 4163 252 4231 ⁸⁹)
271 4164 400 4236 Vestigia
421 4166 473 4222 illa
494 4168 616 4224 nominis
640 4169 757 4226 Suetoni
779 4168 951 4226 Boissonade
974 4169 1023 4238 qui
1046 4168 1153 4238 primus
1175 4169 1228 4240 frg.
1252 4170 1315 4225 Par.

146 4237 424 4308 edidit'neglexerat,
443 4242 508 4294 ante
523 4257 586 4296 eum
601 4243 763 4312 reppererat
776 4241 887 4309 Boivin,
905 4240 954 4309 qui
967 4241 1093 4297 codicem
1112 4239 1151 4295 sic
1166 4241 1316 4311 descripsit

145 4307 190 4376 (cf.
209 4308 316 4363 Fabric.
336 4308 409 4366 Bibl.
429 4309 476 4365 Gr.
495 4310 520 4364 X
540 4315 613 4380 486):
644 4313 721 4371 ‘...
746 4313 846 4369 Varias
870 4312 1007 4368 dictiones
1030 4315 1180 4368 annectas
1198 4330 1232 4367 ex
1249 4313 1315 4367 Plu-

144 4381 250 4447 tarcho,
264 4396 299 4434 ex
311 4380 503 4452 Aristophane
513 4383 645 4452 Byzantio
659 4390 711 4439 τοῦ
724 4388 788 4454 περὶ
801 4386 902 4442 λέξεων
917 4385 1104 4450 διαλαβόντος.
1124 4385 1166 4439 lix
1179 4383 1314 4442 Tran...’:

144 4466 215 4518 quuc
234 4451 374 4520 sagaciter
391 4451 533 4524 supplevit
551 4453 707 4510 Fabricius:
728 4457 810 4526 ‘puto
830 4474 845 4511 e
864 4455 1074 4526 Tran(quillo)'.
