3102 5158
155 278 197 334 Do
215 277 404 349 Aristophane
413 279 548 350 Byzantio
563 280 592 335 et
607 277 740 335 Suetonio
750 278 915 348 Tranquillo
929 278 1061 334 Eustathi
1075 278 1243 335 auctoribus.
1264 277 1329 344 353

157 451 207 509 21.
234 449 331 521 1415,
354 451 393 508 17
417 449 473 507 lex.
497 448 590 509 Beklr.
615 451 693 526 374,
714 451 765 510 22.
798 449 872 507 duas
901 448 1038 507 vocabuli
1065 443 1329 524 interpretationes

155 537 298 596 exhibent
316 538 347 595 M
352 537 390 610 L,
409 556 534 614 quarum
557 538 643 596 unius
662 540 812 598 auctorem
831 537 956 596 laudant
975 535 1185 614 Chrysippum,
1203 537 1330 597 alteram

155 625 193 685 ab
212 625 394 702 Apollodoro
413 644 478 685 esse
498 627 598 686 datam
619 629 650 686 et
668 646 687 686 a
704 626 835 702 Didyme
855 626 1013 705 probatam
1039 618 1175 705 (μήποτε
1195 620 1229 684 δ’
1246 622 1330 686 crae

157 711 175 774 ὁ
199 710 252 775 διὰ
270 713 404 790 μέγεθος
423 706 503 796 κτλ.)
523 717 675 776 testantur
698 715 746 776 Et.
769 716 830 791 Mg.
849 717 904 775 lex.
924 714 1019 774 Bekk.
1171 733 1175 736 ·

245 804 404 864 Infabulis
419 805 546 879 quaeda
566 799 753 880 Eurybato
772 807 933 864 narrantur
947 822 1014 863 cum
1030 803 1172 863 Suetonio
1188 795 1247 886 (M)
1264 823 1330 864 oon·

156 894 240 969 gruit
257 894 371 953 lexicon
390 893 539 969 quoddam
553 894 734 954 rhetoricum
748 913 766 953 a
783 894 891 953 Photio
907 884 1087 975 (Suida)¹⁵⁴)
1102 896 1281 969 usurpatum
1300 895 1331 953 et

157 983 195 1041 ab
213 983 374 1042 Eustathio
393 1003 422 1059 p.
439 983 533 1059 1864,
549 985 589 1042 22
610 1002 678 1043 cum
698 981 821 1044 Suetoni
838 983 1011 1042 narratione
1028 981 1187 1042 conflatum
1209 974 1251 1064 (ν.
1266 1001 1329 1058 sup.

156 1093 184 1148 p.
195 1062 285 1152 335).
313 1071 434 1132 exhibet
447 1072 478 1130 M
492 1071 567 1132 duas
581 1072 619 1131 de
633 1072 789 1148 Eurybato
805 1073 1001 1147 narrationes,
1016 1091 1142 1147 quarum
1157 1071 1331 1146 posterioris

156 1164 308 1220 auctorem
326 1161 430 1220 laudat
447 1160 642 1221 Aristotelem
662 1153 714 1243 (ἐν
732 1157 851 1239 πρώτῳ
870 1158 943 1235 περὶ
961 1151 1184 1241 δικαιοςύνης),
1204 1161 1330 1221 eundem

157 1250 278 1327 Suidas3
306 1249 412 1325 prioris
441 1252 591 1310 auctorem
622 1269 687 1310 esse
715 1251 869 1326 Ephorum
892 1249 998 1310 Suidas
1022 1253 1053 1310 et
1074 1250 1159 1310 Eust.
1187 1250 1330 1309 referunt.

158 1338 332 1399 Aristotelis
354 1339 557 1398 narrationem
579 1339 643 1398 fere
666 1341 779 1400 eisdem
802 1340 901 1400 verbis
925 1338 1034 1416 quibus
1054 1338 1214 1399 Suetonius
1237 1337 1331 1398 tradit

157 1427 322 1504 Gregorius
346 1425 517 1489 Corinthius
541 1429 579 1488 ad
599 1428 740 1506 Hermog.
764 1427 929 1489 11111277
954 1418 1113 1507 Walz¹⁵⁵)‚
1136 1428 1217 1488 haud
1241 1426 1331 1487 dubie

158 1517 283 1576 eundem
306 1520 458 1576 auctorem
482 1521 601 1577 secutus
624 1537 659 1578 ac
682 1517 841 1578 Suetonius
865 1521 896 1577 et
919 1517 1046 1593 scriptor
1071 1516 1159 1576 lexici
1181 1517 1330 1576 rhetorici.

156 1606 271 1683 pariter
284 1606 396 1682 Ephori
411 1608 442 1665 et
454 1605 629 1667 Aristotelis
643 1607 829 1666 narrationes
844 1607 1067 1683 coniunguntur
1081 1607 1136 1666 lex.
1149 1606 1226 1666 rhet.
1236 1605 1330 1666 Bekk.

159 1698 234 1769 188,
261 1697 302 1755 10
330 1691 513 1769 Εὐρύβατον
540 1693 687 1767 λέγονςιν
720 1690 770 1755 ότι
799 1689 959 1770 προδότης
986 1691 1122 1767 γέγονεν
1152 1690 1283 1769 Κροίςου
1311 1693 1330 1770 ἢ

36 1849 38 1856 ,
156 1781 292 1858 κλέπτης
316 1779 363 1844 ὢν
387 1779 439 1844 διὰ
461 1784 517 1858 τῆς
541 1779 666 1860 ὀροφῆς
685 1780 815 1859 ἔφυγεν.
853 1785 926 1844 item
950 1785 1038 1844 Prov.
1057 1782 1159 1843 Vati
1180 1786 1221 1843 94
1245 1784 1329 1844 Bodl.

156 1875 221 1933 444
244 1873 330 1949 Diog.
353 1872 396 1932 IV
420 1875 460 1933 76
487 1865 599 1956 (Suid.)
623 1869 898 1950 εὐρνβατεύεςθοί·
926 1869 978 1933 ἐπὶ
1006 1873 1064 1933 τοῦ
1088 1867 1331 1946 πονηρεύεςθω·

155 1958 213 2023 τὸν
231 1958 293 2036 γὰρ
307 1957 490 2037 Εὐρύβατον
509 1958 540 2022 οἱ
559 1960 617 2037 μὲν
635 1959 693 2024 τὸν
712 1960 770 2024 ἕνα
784 1961 850 2023 τῶν
867 1957 1047 2036 Κερκώπων
1066 1959 1211 2033 γενέςθοι
1230 1952 1329 2040 (τοιχ-

156 2046 285 2126 ωρύχον
305 2046 401 2126 φαςίν
415 2052 499 2111 addit
513 2044 620 2133 Saia),
635 2048 666 2112 οἱ
680 2049 715 2112 δὲ
732 2048 895 2126 προδότην
909 2048 982 2125 περὶ
996 2049 1072 2111 τούς
1087 2045 1225 2125 χρόνους
1242 2045 1331 2124 Κροί-

158 2157 223 2200 ςου.
252 2141 303 2199 alii
317 2140 471 2215 Ephorum
491 2142 587 2201 solum
607 2144 786 2218 sequuntur:
804 2141 925 2200 Diodor.
942 2140 999 2200 Sic.
1013 2140 1056 2198 IX
1071 2140 1127 2217 frg.
1142 2141 1184 2199 45
1198 2131 1330 2221 (arka).

155 2228 274 2304 Ulpian.
290 2229 328 2288 ad
343 2230 428 2290 Dem.
440 2231 490 2306 18,
506 2232 556 2290 24.
577 2230 720 2307 Harpocr.
735 2250 759 2289 s.
773 2250 801 2290 ν.
815 2231 872 2288 lex.
882 2231 959 2288 rhet.
970 2228 1064 2290 Behk.
1076 2231 1150 2302 257,
1163 2230 1212 2288 18.
1233 2228 1332 2312 omnia

157 2338 173 2376 e
192 2311 366 2398 (Didymil)
385 2319 597 2378 commentario
616 2320 648 2379 in
662 2320 893 2380 Demosthenem
915 2319 1025 2394 scripto
1044 2318 1184 2378 videntur
1202 2318 1331 2378 fluxisse.

247 2406 358 2466 Similis
377 2407 454 2467 ratio
473 2409 552 2467 inter
570 2407 747 2470 Suetonium
766 2411 797 2468 et
815 2406 938 2467 Suidam
957 2410 1056 2468 exstat
1078 2408 1110 2465 in
1132 2407 1237 2483 glossa
1257 2403 1331 2481 Κέρ-

156 2512 269 2557 κωπες.
306 2515 401 2572 panea
424 2500 583 2556 servarunt
605 2498 680 2556 ML:
712 2495 891 2572 Κέρκωπες·
919 2492 951 2556 οἱ
973 2495 1153 2569 πανοῦργοι
1175 2492 1226 2555 καὶ
1250 2489 1331 2555 ἀπα-

156 2581 255 2659 τηλοί.
291 2582 342 2645 καὶ
366 2581 564 2660 κερκωπίαὴ
588 2580 693 2661 ἀπάτη
718 2581 798 2646 κατὰ
820 2581 878 2646 τόν
898 2580 1081 2660 (ιμωνίδην.
1118 2586 1207 2660 plura
1225 2584 1331 2644 Eusta-

158 2674 249 2751 thius,
268 2693 395 2750 quocum
413 2675 589 2751 plerumque
608 2674 714 2736 Suidas
733 2674 874 2736 concinit:

175 2764 258 2824 Erret.
278 2783 305 2839 p.
328 2765 422 2839 1864,
443 2766 483 2823 32
507 2759 718 2840 προεδηλώθη
792 2763 873 2823 Suid.
890 2755 1083 2837 ΚέρκωπεςῙ·
1104 2757 1177 2838 [δύο
1194 2755 1332 2837 ἀδελφοὶ

157 2849 191 2912 δὲ
211 2849 262 2911 κο1
286 2849 361 2912 τούς
386 2849 555 2926 Κέρκωπας
578 2849 718 2928 πονούρ-
769 2849 848 2928 ἧςαν
862 2847 915 2913 ἐπὶ
933 2852 990 2927 γῆς
1005 2851 1109 2912 πᾶςαν
1126 2845 1250 2912 ἀδικίαν
1264 2848 1331 2910 ἐπι-

156 2957 233 3013 γους
249 2935 329 3002 ειναι
340 2958 390 3001 και
379 2936 593 3016 απατηλους
603 2937 719 3003 οἵτινες
769 2938 974 3016 δεικνύμενοι,
985 2937 1036 3000 καὶ
1046 2937 1200 3012 ἐλέγοντο
1212 2937 1332 3014 Κέρκω-

158 3024 219 3104 ἀρα
238 3027 289 3090 καὶ
307 3027 386 3106 ἦςαν
406 3027 531 3102 ἐκεῖνοι,
554 3023 617 3091 εἴτε
636 3026 667 3091 ol
686 3028 719 3093 ἐξ
769 3046 828 3090 πες
838 3027 873 3090 ἐκ
887 3030 1019 3105 τηςτων
1029 3024 1135 3103 ἔργων
1149 3023 1333 3104 δεινότητος

155 3113 311 3179 Ὠκεανοῦ
326 3136 377 3179 και
366 3113 536 3179 θείας’
506 3136 587 3179 ειναι
607 3123 718 3193 μυθευ-
769 3115 873 3180 οὕτως
905 3112 1192 3193 ἐπονομαζόμενοι
1227 3112 1333 3192 δμὲν

158 3203 268 3281 όμενοι
292 3202 356 3267 εἴτε
376 3204 427 3267 καὶ
451 3205 566 3282 ἕτεροι,
591 3205 647 3268 οὓς
668 3205 719 3268 κο1
769 3204 830 3282 γὰρ
850 3203 957 3267 αὐτῶν
976 3203 1143 3268 Πάςςαλος
1163 3203 1294 3278 ἐλέγετο
1313 3202 1332 3266 ὁ

157 3291 396 3371 ἀπολιθωθῆναί
419 3312 496 3370 φαει
519 3293 572 3357 διὰ
595 3294 632 3357 τὸ
651 3295 718 3358 ἐπι·
770 3294 805 3356 δὲ
819 3291 954 3370 Ακμων.
973 3293 1044 3370 ἡδὲ
1061 3292 1332 3370 μήτηρΜεμνονὶς

157 3379 595 3461 χειρεῑνάπατῆςαιτόνΔία.
616 3383 719 3461 ἕτεροι
769 3385 870 3445 ταῦτα
879 3380 986 3459 ὁρῶςα
995 3379 1087 3455 ἔλεγε
1098 3381 1138 3459 μή
1149 3384 1332 3459 περιτυχεῖν

157 3471 192 3535 δέ
221 3490 298 3549 φαςι
327 3471 432 3549 νήςων
459 3469 595 3534 οἰκιςτὰς
623 3469 719 3536 ὄντας
771 3470 979 3553 Μελαμπύγῳ
1005 3470 1146 3533 τοοτέςτι
1168 3473 1215 3552 τῷ
1237 3468 1332 3547 Ἡρα-

158 3561 328 3638 Κὲρκωπας
361 3557 576 3638 ἀλλοιωθῆναι
605 3559 719 3625 θεόθεν
770 3558 860 3641 κλεὶ]
895 3560 969 3638 φηεὶ
992 3559 1027 3622 δὲ
1052 3558 1168 3623 αὐτοὺς
1188 3557 1332 3634 Ξεναγό-

157 3648 209 3712 διὰ
223 3650 412 3729 κακοήθειαν
428 3647 472 3712 εἰς
487 3650 629 3727 πιθήκων
643 3670 718 3728 μορ-
770 3667 827 3726 ρας
847 3647 891 3712 εἰς
910 3649 1061 3727 πιθήκους
1081 3652 1332 3726 μεταμορφωθῆ-

158 3737 222 3815 φὰς
254 3738 304 3801 καὶ
337 3741 513 3816 ποραςχεῖν
541 3735 644 3816 ὄνομα
674 3743 720 3821 τῷ
770 3757 822 3801 ναι
845 3737 898 3801 διὰ
920 3738 978 3816 τὴν
997 3738 1188 3815 κακοήθειαν
1208 3736 1259 3799 καὶ
1276 3735 1333 3798 τὰς

158 3824 248 3908 τόπῳ
262 3826 318 3889 τὰς
332 3827 544 3905 Πιθηκούςας·
565 3828 669 3905 νήεων
684 3828 718 3891 δὲ
770 3825 969 3904 Πιθηκούςας
997 3822 1056 3888 ἀπ’
1079 3825 1187 3888 αὐτῶν
1215 3823 1332 3903 ὀνομα-

158 3915 399 3996 περιᾳδομένων
418 3918 522 3995 κλῆςις
542 3915 630 3993 αύτη.
771 3919 881 3994 ςθῆναι
904 3918 1026 3994 νήςοας.
1063 3913 1103 3978 τὰ
1126 3915 1161 3978 δὲ
1190 3911 1334 3993 ὀνόματα

180 4008 264 4066 Eust.
288 4028 316 4082 p.
345 4010 442 4081 1669,
468 4011 509 4069 60
538 4003 656 4082 ὁμοίως
685 4005 720 4068 δὲ
772 4003 954 4068 Κάνδουλος
973 4004 1024 4067 καὶ
1042 4002 1166 4067 Ἄτλας.
1195 4001 1284 4067 οὗτοι
1302 4001 1334 4066 οἱ

157 4093 207 4156 καὶ
231 4091 262 4155 οἱ
288 4092 467 4172 Κέρκωπες,
494 4091 556 4173 ἀφ’
581 4090 628 4158 ὧν
658 4093 721 4173 [καὶ
773 4093 938 4170 Κέρκωπες
967 4092 1062 4156 Θείας
1090 4092 1141 4155 καὶ
1169 4089 1333 4168 Ὠκεανοῦ,

158 4178 262 4259 ἀγορὰ
311 4182 490 4260 καλουμένη
541 4181 721 4260 Κερκωπων
771 4181 827 4245 ούς
851 4200 927 4259 φαςι
951 4179 1190 4259 ἀπολιθωθῆναι
1218 4180 1333 4244 διὰτὸ

157 4289 315 4296 n———a--a

231 4319 277 4388 ¹⁴)
299 4321 331 4422 ln¹
343 4317 427 4373 Photi
445 4317 535 4374 lexico
550 4320 623 4375 inter
636 4319 774 4378 vocabula
792 4320 908 4388 εῦρίζων
928 4321 957 4373 et
974 4321 1082 4373 εῠωνον
1096 4319 1197 4374 lacuna
1211 4321 1253 4372 est
1271 4317 1334 4373 lolii

157 4389 299 4446 nnius.-
323 4391 369 4460 ¹⁴¹’)
388 4391 494 4460 Ephori
511 4392 700 4450 narrationem
719 4394 809 4462 (ἄλλοι
827 4392 857 4446 δέ
876 4408 958 4459 φαςιν
977 4391 1046 4462 κτλ)
1061 4391 1097 4446 ab
1111 4389 1333 4458 Harpocrationa

159 4458 308 4533 Gregorius
327 4461 483 4534 descripsit.
