3102 5158
237 265 302 330 372
702 267 828 340 leopold
846 267 938 324 Cohnr

234 455 301 494 cum
322 454 381 494 non
399 435 538 496 omnibus
558 441 646 496 notus
666 437 721 513 sit,
740 437 886 514 appositis
906 437 1049 513 exemplis
1067 439 1103 495 ut
1126 437 1314 496 illustrarem
1334 436 1432 496 idem

234 524 286 584 ille
306 529 482 600 praeceptor
496 546 580 586 meus
596 529 699 586 auctor
718 528 784 586 iuit.
812 527 877 602 ipse
891 527 998 586 Suidas
1013 527 1080 585 aliis
1096 526 1199 584 multis
1218 528 1293 586 locis
1308 527 1432 586 eadem

234 613 354 672 dicendi
379 615 495 674 ratione
520 616 631 674 utitur:
655 634 678 676 s.
697 635 726 675 ν.
749 611 997 690 Εὐαγόρας·
1021 612 1095 676 Τῶν
1118 612 1206 688 παρὰ
1230 611 1431 692 Θουκυδίδῃ

235 698 441 776 ζητουμένων
460 702 538 763 κατὰ
558 701 651 764 λέξιν.
680 723 702 766 s.
717 724 744 764 ν.
763 701 909 780 Εὐςέβιος
928 700 947 763 ὁ
965 699 1155 778 Παμφίλου·
1174 749 1180 762 .
1197 749 1225 762 ..
1246 701 1431 778 Χρονικῶν

235 785 383 850 κακόνων
398 794 607 868 παντοδαπῆς
620 788 766 866 ἱςτορίας,
786 791 836 853 καί
851 787 934 853 ἄλλα
948 792 1088 853 πλεῐςτα.
1118 812 1143 853 s.
1155 813 1182 852 ν.
1202 788 1430 867 Ἡφαιςτίων·

234 923 289 939 ...
310 876 460 953 Κωμικῶν
479 875 694 957 ἀπορημάτων
718 878 833 943 λιίςεις·
857 879 1053 956 Τραγικῶν
1072 877 1233 958 λύςεων,
1257 878 1309 941 καὶ
1329 876 1430 942 ἄλλα

236 967 375 1028 πλεῑςτα.
424 989 447 1030 s.
471 991 498 1031 v.
531 967 751 1046 Θεόφραςτος·
871 965 1103 1032 Ἀναλίιςεως
1135 970 1427 1044 ςυλλογιςμῶν,

236 1051 448 1120 Ἀναλυτικῶν
476 1055 642 1135 ἐπιτομήν,
667 1054 904 1135 Ἀνηγμένων
928 1055 1065 1119 τόπων.
1106 1060 1156 1119 vel
1178 1061 1258 1136 apud
1281 1061 1427 1135 optimos
1521 1070 1522 1073 ’

235 1147 395 1222 scriptores
419 1148 493 1208 baec
515 1149 643 1209 indicum
672 1150 749 1210 ratio
777 1149 933 1226 reperitur.
976 1169 992 1208 e
1016 1147 1118 1208 multis
1141 1148 1222 1226 apud
1250 1150 1426 1224 scriptores

236 1237 385 1296 Romanos
405 1239 546 1313 exemplis
567 1239 642 1298 haec
666 1240 804 1299 attulisse
829 1239 902 1298 satis
925 1238 1035 1298 habeo:
1058 1236 1116 1298 Cic.
1136 1239 1174 1296 ad
1194 1237 1258 1298 Att.
1277 1238 1321 1310 ll,
1342 1243 1374 1312 2,
1402 1243 1421 1298 1

240 1320 449 1398 Πελληναίων
472 1320 549 1403 (scil.
574 1323 739 1389 πολιτείαν
761 1319 951 1407 Dicaearchi)
978 1328 1009 1385 in
1037 1327 1175 1386 manibus
1197 1327 1338 1386 tenebam
1360 1373 1393 1388 ..
1415 1375 1423 1388 .

238 1408 412 1488 Κορινθίων
430 1419 461 1475 et
475 1409 650 1491 Ἀθηναίων
664 1421 736 1492 puto
752 1436 798 1475 me
813 1417 923 1476 Romae
938 1416 1057 1476 habere.
1086 1415 1163 1474 Gall.
1177 1417 1214 1474 N.
1229 1416 1264 1476 A.
1280 1417 1378 1491 praef.
1396 1420 1421 1476 4

238 1503 346 1562 idcirco
365 1521 416 1563 eas
434 1505 639 1581 inscripsimus
654 1505 792 1565 Noctium
814 1503 906 1582 [esse]
926 1505 1096 1564 Atticarum
1115 1496 1165 1584 (cf.
1184 1505 1328 1564 Priscian.
1343 1506 1421 1580 Vll,

239 1595 282 1652 80
300 1611 327 1666 p.
348 1594 426 1666 355,
446 1596 489 1653 20
508 1594 611 1654 Hertz:
636 1639 642 1654 .
662 1639 669 1653 .
689 1643 695 1655 .
720 1595 798 1654 unde
822 1595 858 1656 A.
877 1593 992 1654 Gellius
1011 1593 1149 1652 Noctium
1175 1593 1346 1652 Atticarum
1372 1595 1421 1654 in-

237 1676 441 1757 scripsit)
465 1702 593 1759 namque
616 1685 669 1744 alii
686 1684 870 1743 Musarum
892 1683 1119 1758 inscripserunt,
1144 1682 1196 1741 alii
1219 1683 1421 1758 silvarum,

239 1815 291 1830 ...
312 1768 434 1845 quidam
452 1773 629 1832 lectionis
649 1791 747 1846 suae,
767 1773 844 1832 alius
859 1773 1091 1848 antiquarum
1105 1771 1299 1831 lectionum
1321 1775 1421 1850 atque

236 1860 314 1918 alius
333 1853 513 1935 ἀνθηρῶν
527 1865 558 1920 et
575 1861 649 1921 item
664 1863 740 1921 alius
756 1856 978 1936 εὑρημάτων
997 1880 1022 1919 e.
1036 1881 1064 1936 q.
1079 1879 1101 1921 s.
1116 1879 1205 1936 saepe
1223 1863 1420 1936 grammatici

236 1947 350 2025 Latini,
369 1948 422 2008 ubi
441 1950 620 2026 scriptorum
638 1953 718 2010 locos
737 1951 875 2025 hadent,
894 1951 1040 2010 librorum
1058 1949 1169 2008 indices
1188 1950 1251 2009 solo
1270 1951 1418 2026 genetivo

234 2037 413 2114 significant.
446 2040 482 2098 cf.
502 2038 616 2098 Charis.
636 2040 652 2098 Ι
669 2060 698 2116 p.
718 2042 772 2117 65,
795 2043 833 2100 15
854 2039 923 2099 Keil
941 2030 986 2119 (et
1004 2039 1177 2114 frequenter
1195 2038 1291 2098 Varro
1310 2059 1415 2099 rernm

233 2127 413 2186 rusticarum
429 2121 499 2208 sic),
516 2128 532 2186 Ι
545 2149 573 2204 p.
589 2131 640 2205 81,
657 2132 697 2189 18
713 2121 760 2208 (et
773 2130 872 2188 Macer
887 2121 1062 2206 theriacen),
1076 2126 1092 2184 Ι
1106 2147 1135 2202 ρ.
1151 2129 1223 2199 102,
1240 2130 1279 2187 15
1298 2120 1416 2208 (Varro

233 2235 333 2276 rerum
348 2214 571 2295 humanarum),
585 2217 600 2276 I
614 2239 642 2294 p.
660 2221 731 2290 126,
749 2223 786 2277 11
804 2210 931 2296 (Caesar
945 2217 1140 2292 epistolarum
1156 2216 1194 2274 ad
1209 2213 1415 2298 Ciceronem),

232 2305 264 2363 II
282 2325 311 2380 p.
332 2294 405 2378 217,
422 2307 462 2365 25
484 2298 631 2368 (Lucilius
651 2300 848 2386 saturarum),
867 2307 898 2365 H
916 2327 944 2382 p.
961 2309 1032 2376 229,
1050 2307 1089 2364 15
1111 2296 1209 2386 (Maro
1228 2299 1418 2388 bucolicon),

233 2395 411 2470 compluries
431 2371 517 2454 ‘Octo
535 2389 650 2454 dierum
670 2396 818 2455 dictarum
837 2396 874 2456 de
893 2396 1050 2455 consulatu
1069 2388 1142 2453 suo'.
1180 2395 1226 2453 his
1246 2394 1416 2455 similibus-

233 2502 291 2559 que
310 2484 461 2561 exemplis,
480 2504 606 2560 quorum
625 2504 783 2544 numerum
802 2503 912 2560 augere
930 2484 1017 2543 facile
1036 2502 1172 2560 possum,
1192 2483 1320 2542 indicem
1339 2485 1415 2544 libri

233 2571 407 2632 Suetoniani
423 2568 586 2647 Καιςάρων
602 2576 675 2633 satis
691 2593 839 2650 superque
855 2573 973 2633 defendi
988 2573 1126 2633 arbitror.
1142 2603 1183 2614 —-
1203 2576 1235 2631 at
1249 2573 1414 2634 Fresenius

232 2661 360 2720 indicem
383 2681 502 2738 quoque
528 2658 713 2736 ςυγγενικόν
735 2664 809 2722 ferri
834 2681 922 2738 posse
945 2663 1076 2738 negavit.
1115 2655 1161 2719 ‘ut
1185 2661 1276 2738 enim,
1304 2663 1413 2738 inquit,

236 2754 340 2810 auctor
359 2751 507 2826 epistulae
532 2751 570 2810 ad
588 2752 726 2811 Alexium
748 2752 931 2812 Comnenum
955 2750 1107 2826 scripserit
1125 2744 1354 2825 Ἀριςτοφάνης
1373 2749 1414 2812 ἐν

232 2840 279 2918 τῷ
303 2840 490 2918 ςυγγενικῷ,
515 2839 636 2899 Suidam
663 2842 712 2901 vel
738 2842 802 2900 eius
827 2844 978 2901 auctorem
1006 2843 1096 2915 caput
1119 2835 1191 2912 περὶ
1215 2840 1414 2912 ςυγγενικῶν

234 2922 405 3001 ὀνομάτων
428 2927 537 2990 dixisse
560 2925 758 3004 ςυγγενικόν,
778 2931 858 2989 omni
882 2933 963 2989 earet
986 2927 1212 3004 probabilitate,
1237 2929 1308 3004 quia
1330 2928 1414 2989 idem

233 3017 364 3093 capitum
389 3014 462 3091 περὶ
487 3018 623 3078 παιδιῶν
647 3023 677 3078 et
707 3016 780 3094 περὶ
809 3017 1015 3095 βλαςςρημιῶν
1043 3018 1155 3076 indices
1184 3018 1412 3077 accuratissime

233 3100 379 3166 tradidit'
413 3105 550 3181 equidem
568 3127 617 3166 me
631 3127 689 3168 non
709 3109 884 3184 intellegere
902 3108 1006 3182 fateor,
1026 3126 1079 3166 cur
1093 3106 1201 3165 Suidae
1221 3107 1409 3182 compilatori

232 3195 399 3271 Byzantino
418 3195 496 3253 idem
513 3195 646 3256 tribuere
665 3215 723 3256 non
738 3198 835 3272 liceat,
855 3196 933 3273 quod
949 3196 1209 3271 epistolographus
1228 3194 1279 3254 ille
1294 3196 1411 3272 Byzan·
1524 3189 1525 3200 ¹

233 3285 316 3344 tinus
341 3282 497 3346 commisit.
538 3285 611 3344 mihi
635 3286 755 3361 quidem
778 3287 907 3362 epistula
934 3286 987 3342 illa
1014 3285 1102 3342 index
1125 3279 1310 3358 ςυγγενικόν
1335 3287 1410 3344 satis
1524 3287 1525 3290 ’

233 3373 353 3432 videtur
370 3373 491 3433 firmari.
530 3376 643 3434 sedne
667 3393 741 3450 opus
765 3375 883 3450 quidem
903 3376 949 3432 est
973 3374 1036 3433 solo
1055 3373 1109 3431 niti
1134 3373 1188 3432 hoc
1212 3373 1331 3434 homine
1351 3375 1411 3451 By-

232 3461 359 3522 zantina.
404 3462 464 3520 alia
492 3465 612 3522 exstant
638 3465 787 3539 exempla,
820 3463 928 3538 quibus
957 3463 1083 3520 indicem
1117 3456 1303 3533 ςυγγενικάν
1331 3458 1409 3523 nihil

232 3552 343 3610 habere
366 3551 535 3610 offensionis
565 3551 795 3612 demonstratur.
840 3551 996 3610 notissima
1022 3555 1069 3611 est
1091 3550 1213 3626 Didymi
1239 3548 1319 3611 λέξις
1347 3569 1409 3610 κω-

233 3639 312 3714 μική,
332 3640 467 3698 collectie
486 3639 539 3699 illa
553 3659 658 3700 vocum
673 3642 852 3700 comicarum
870 3639 1062 3716 amplissima.
1090 3643 1122 3698 at
1136 3639 1184 3697 Et.
1199 3640 1262 3714 Mg.
1276 3642 1350 3713 492,
1366 3643 1407 3700 55

231 3730 301 3788 libri
320 3747 409 3786 manu
430 3728 534 3803 scripti
554 3722 689 3808 (excepto
710 3722 873 3809 Marciano)
893 3730 986 3787 edunt
1001 3723 1143 3801 Δίδυμος
1158 3724 1194 3787 ἐν
1209 3729 1255 3807 τῷ
1270 3731 1406 3809 κωμικῷ.

232 3818 329 3878 tribus
348 3818 420 3876 locis
440 3818 488 3877 Et.
508 3819 569 3894 Mg.
589 3820 643 3891 62,
667 3823 694 3880 1.
724 3821 774 3894 96,
794 3821 845 3877 49.
876 3820 955 3893 678,
974 3819 1015 3875 42
1036 3810 1210 3877 Φιλόξενος
1230 3813 1275 3877 είς
1293 3815 1331 3876 τὸ
1351 3813 1407 3892 ῥη-

232 3903 364 3981 ματικὸν
383 3902 483 3966 αὐτοῦ
500 3907 654 3983 laudatur,
673 3908 756 3966 cuius
776 3908 846 3965 libri
865 3927 968 3966 verum
986 3906 1113 3964 indicem
1133 3903 1205 3979 περὶ
1225 3901 1407 3980 ῥηματικῶν

232 3991 402 4069 ὀνομάτων
422 3988 472 4074 (de
487 3995 656 4055 nominibus
671 3991 855 4072 verbalibus)
875 3996 968 4055 fnisse
982 3995 1047 4053 iure
1062 3995 1159 4053 Kleist
1175 3995 1337 4054 affirmavit
1355 3989 1407 4075 (de

233 4085 388 4145 Philoxeni
411 4083 489 4144 stud.
513 4088 603 4160 etym.
626 4105 653 4159 p.
676 4090 712 4144 11
734 4104 762 4145 n.
785 4077 849 4164 10).
894 4088 984 4160 atque
1013 4084 1086 4142 haec
1110 4083 1220 4142 citandi
1243 4085 1321 4143 ratio
1347 4103 1406 4144 non

232 4175 319 4234 modo
339 4174 418 4249 apud
437 4173 571 4232 homines
586 4174 767 4250 Byzantinos
786 4173 945 4247 invenitur,
965 4174 1017 4232 sed
1030 4172 1154 4231 'videtur
1173 4173 1262 4231 etiam
1282 4174 1403 4234 abonis

232 4263 435 4341 grammaticis
450 4263 652 4339 antiquiorum
670 4267 839 4340 temporum
854 4261 1001 4337 usurpari.
1033 4261 1175 4320 laudatur
1194 4261 1231 4320 ab
1247 4261 1403 4322 Athenaeo

232 4353 371 4414 111976
398 4345 617 4413 Ἀπολλώνιος
646 4348 682 4412 ἐν
709 4352 857 4430 τριηρικῶ
887 4343 1002 4430 (agitur
1030 4350 1066 4407 de
1097 4345 1239 4423 ἐπινομίς
1274 4350 1405 4412 triremis

232 4443 466 4520 pa1·tienla,qua
489 4442 526 4502 de
545 4441 675 4518 Hesych.
694 4462 717 4505 s.
736 4463 764 4503 ν.
784 4441 887 4502 scribit
905 4437 941 4500 ἐν
959 4439 1027 4500 τοῖς
1052 4440 1212 4500 ναυτικοῖς
1234 4432 1311 4520 (scil.
1330 4435 1410 4501 ὀνό-,
