3102 5158
217 185 283 248 368
684 182 810 254 Leopold
828 183 919 238 Cohn:

218 370 266 413 τις
294 349 333 428 ὴν
361 348 539 426 καλουμένη
564 347 764 426 ἐγκοτύλη,
792 347 828 411 ἐν
855 347 874 430 ᾐ
903 348 1073 412 διαπλέξας
1097 367 1143 430 τις
1167 345 1268 411 όπίςω
1297 343 1423 428 (καθὰ

220 439 271 501 καὶ
291 434 549 522 προδεδήλωται)
571 438 647 500 τούς
671 437 846 500 δακτύλους
869 439 935 500 τῶν
957 439 1073 515 χειρῶν
1098 436 1310 503 έπενωτίζετο
1338 435 1422 500 τὸν

220 526 467 605 ἀναιρούμενον·
491 525 509 589 6
534 523 566 588 δ’
585 525 687 590 ἐνθεὶς
706 526 743 589 τὸ
763 526 843 602 γόνυ
866 529 936 589 ταῖς
956 526 1042 604 χερςὶ
1060 526 1110 590 καὶ
1129 526 1315 605 περιλαβὼν
1338 527 1421 588 τοῦ

221 614 369 693 αἴροντος
397 617 455 693 τὴν
483 617 628 693 κεφαλὴν
656 615 674 693 ἢ
704 615 761 679 τὸν
784 613 946 692 τράχηλον
969 613 1167 694 ἐβαςτάζετο.
1205 615 1323 694 ἐκλήθη
1356 613 1420 690 δέ,

221 725 331 784 φηςιν,
351 704 519 782 ἐγκοτύλη,
539 704 609 769 ἐπεὶ
627 704 664 767 τὸ
684 706 795 768 κοῖλον
814 707 869 782 τῆς
889 703 994 781 χειρὸς
1012 703 1129 781 κοτύλη
1150 706 1288 782 λέγεται,
1309 703 1365 768 εἰς
1393 702 1418 766 ὃ

222 797 333 858 κοῖλον
351 792 484 857 ἐνετίθει
502 793 540 856 τὸ
560 791 639 869 γόνυ
660 791 678 857 6
699 791 938 872 βαςταζύμενος.
980 815 1048 856 oum
1073 797 1221 856 Pausania
1244 797 1420 858 consentit

223 887 368 946 Zenobius
385 885 432 945 ΙΙΙ
450 888 491 945 60
511 882 547 946 ἐν
566 882 683 965 κοτύλῃ
703 883 786 964 φέρῃ
806 878 948 963 (Hesyoh.
968 881 1004 945 ἐν
1022 881 1139 963 κοτύλη
1159 878 1299 966 φέρειν)·
1320 903 1417 946 παι-

222 974 291 1034 διᾶς
310 969 410 1034 εἶδος·
430 969 448 1033 6
467 970 528 1048 γάρ
547 971 658 1049 φέρων
676 970 747 1034 τινά
765 971 802 1034 ἐν
820 970 937 1053 κοτύλῃ
957 969 1058 1034 ἐποίει
1077 969 1177 1034 όπίςω
1203 970 1259 1033 τάς
1282 975 1417 1048 χεῖρας
1519 999 1521 1058 γ

222 1060 273 1123 καὶ
292 1058 311 1122 6
326 1058 494 1138 αἰρόμενος
508 1057 641 1124 ἐνετίθει
659 1059 699 1122 τά
715 1058 837 1135 γόνατα
856 1059 907 1122 καὶ
921 1058 1025 1123 οὕτως
1039 1057 1236 1138 ἐβαςτάζετο.
1265 1064 1415 1138 denique

223 1153 396 1212 Athenaeus
421 1145 486 1232 (qui
508 1153 722 1227 Apollodorum
745 1148 862 1229 laudat)
886 1153 985 1210 lusu'm
1009 1153 1151 1213 describit
1169 1153 1211 1210 XI
1229 1155 1318 1213 eveo
1345 1148 1415 1211 καὶ

224 1238 380 1314 ἐγκοτύλη
400 1239 435 1300 δέ
454 1257 500 1300 τις
519 1237 631 1300 παιδιά
649 1239 799 1316 καλεῖται,
819 1237 855 1301 ἐν
874 1236 892 1319 ᾗ
912 1236 1120 1301 κοιλάναντες
1138 1237 1195 1300 τάς
1214 1241 1323 1315 χεῖρας
1344 1238 1412 1302 δέ·

224 1347 335 1404 χονται
353 1326 392 1388 τά
406 1324 529 1402 γόνατα
548 1329 613 1389 τῶν
632 1324 844 1404 νενικηκότων
863 1325 894 1389 οἱ
908 1327 1105 1403 νενικημένοι
1124 1326 1175 1389 καὶ
1190 1325 1412 1405 βαςτάζουςιν

224 1411 409 1495 αὐτούςῙῦῙ)
441 1419 520 1477 idem
539 1420 623 1478 lusus
647 1419 767 1479 videtur
790 1418 883 1478 fuisse
902 1411 1164 1497 tmebptcu6c¹⁸²):
1187 1419 1318 1496 Hesyoh.
1336 1415 1410 1494 ἑφ-

223 1503 371 1582 εδρίζειν·
390 1503 513 1568 παίζειν
527 1505 585 1581 τὴν
601 1505 778 1581 λεγομένην
792 1504 984 1582 ἐφεδριςμὸν
998 1502 1136 1581 παιδιάν,
1151 1501 1230 1568 όταν
1245 1524 1407 1582 περιαγα-

222 1594 291 1669 γὼν
309 1592 367 1656 τὰς
386 1591 495 1670 χεῖράς
514 1613 560 1655 τις
584 1592 663 1655 κατά
686 1592 793 1657 νώτου
813 1594 847 1656 ἐκ
870 1595 937 1656 τῶν
955 1591 1089 1656 κατόπιν
1109 1592 1252 1671 βαςτάῑει
1270 1593 1329 1656 τόν
1350 1613 1404 1658 νι-

224 1683 374 1761 κήςαντατ
392 1681 534 1759 ταύτην
553 1682 592 1744 δέ
612 1683 679 1760 τὴν
693 1681 849 1745 παιδιάν
863 1678 1022 1745 Ἀττικοὶ
1042 1682 1082 1746 ἐν
1097 1681 1237 1763 κοτύλῃ
1257 1683 1403 1757 λέγου-

224 1790 293 1846 ςιν,
318 1768 411 1834 ἄλλοι
434 1771 470 1833 δὲ
486 1819 493 1833 .
509 1820 536 1836 ..
557 1766 609 1854 183)
633 1772 691 1849 τὴν
711 1771 860 1855 γςοναφὴν
883 1773 950 1834 τῶν
973 1774 1090 1849 χειρῶν
1113 1771 1201 1849 παρὰ
1222 1771 1282 1834 τὸν
1300 1770 1402 1849 κρικί-

225 1856 346 1943 δον(ί).
383 1863 419 1922 of.
439 1863 545 1922 Pollux
563 1863 604 1920 IX
627 1865 696 1923 119.
716 1857 815 1922 ἱππάς
834 1882 905 1922 vero
925 1867 956 1922 et
974 1859 1144 1938 κυβηςίνδα
1162 1863 1283 1940 proprie
1301 1864 1340 1923 ab
1359 1860 1402 1924 ἐν

216 1948 345 2030 ,κοτύλῃ
365 1953 427 2011 sive
447 1947 636 2026 έφεδριςμός
655 1953 723 2012 lusu
742 1952 882 2012 videntur
900 1952 1029 2028 differre,
1048 1972 1115 2011 eum
1137 1946 1179 2011 ‘in
1198 1952 1310 2012 umeris
1329 1972 1402 2029 por-

225 2035 303 2101 tare'
325 2041 503 2117 significent.
540 2042 576 2100 of.
595 2041 725 2118 Hesyoh.
744 2036 873 2100 ίππαςτὶ
892 2037 1042 2102 καθίζειν·
1062 2036 1142 2100 όταν
1161 2036 1192 2100 οἱ
1211 2041 1325 2102 παῖδε(
1343 2038 1403 2102 ἐπὶ

225 2129 291 2189 τῶν
314 2125 412 2203 ὤμων
431 2125 605 2206 περιβάδην
629 2127 822 2191 καθέζονται.
860 2129 990 2206 Hesyoh.
1013 2125 1194 2206 κυβηςίνδα·
1218 2126 1270 2191 ἐπὶ
1295 2147 1401 2206 κεφα-

226 2217 293 2293 λήν,
312 2217 331 2292 ἢ
350 2215 388 2278 τὸ
407 2219 524 2292 φορεῖν
547 2215 599 2278 ἐπὶ
618 2213 724 2278 νώτου
743 2217 762 2293 ἢ
782 2215 862 2278 κατὰ
880 2213 994 2280 νώτου.
1036 2219 1122 2278 Phot.
1142 2215 1323 2295 κυβηςίνδα·
1344 2217 1403 2281 ἐπὶ

228 2305 373 2383 κεφαλὴν
392 2304 504 2382 φέρειν
522 2306 541 2381 ἢ
561 2303 641 2366 κατά
660 2306 755 2366 νῶτα.

314 2391 590 2471 ἱμαντελιγμός.
637 2397 743 2456 Paucis
776 2397 875 2456 verbis
911 2398 989 2456 hune
1021 2399 1121 2457 lusum
1154 2399 1279 2474 attingit
1309 2399 1400 2460 Euat.
1520 2392 1521 2433 ί

225 2508 253 2562 p.
270 2489 343 2564 979,
359 2489 400 2545 28
483 2480 502 2544 6
520 2481 750 2560 indurabuntur,
770 2483 788 2546 6
807 2482 847 2561 ἦν
866 2485 992 2546 παιδιάς
1011 2503 1097 2546 τινος
1117 2481 1210 2560 εἶδος,
1228 2485 1331 2563 ἤγουν
1351 2488 1401 2548 δι·
1520 2476 1521 2491 ’

226 2569 459 2649 πλούίμάντος
479 2569 587 2634 ςκολιά
604 2590 650 2633 τις
670 2568 798 2654 εἴληςις,
817 2570 862 2634 ὥς
881 2590 978 2650 φαςιν
997 2571 1027 2634 οἱ
1051 2571 1190 2636 παλαιοί.
1228 2577 1399 2638 aoouratius

225 2665 369 2723 describit
386 2664 492 2723 Pollux
510 2664 553 2722 IX
575 2665 635 2722 118
661 2658 680 2722 6
704 2657 736 2722 δ’
754 2660 988 2738 ίμαντελιγμός·
1012 2663 1127 2724 διπλοῦ
1150 2659 1280 2738 ἱμάντος
1301 2665 1399 2741 λαβυ-

227 2747 383 2827 ρινθώδης
402 2748 448 2810 τίς
463 2749 525 2812 ἐςτι
545 2751 750 2827 περιετροφή,
770 2747 843 2812 καθ’
861 2749 898 2826 ἧς
912 2748 977 2812 ἐδει
992 2749 1128 2813 καθέντα
1147 2749 1323 2814 παττάλιον
1341 2755 1400 2831 τῆς

301 2941 348 3010 181)
368 2941 443 2994 Eust.
463 2958 489 3010 p.
510 2946 587 3008 1282,
607 2947 640 2996 bt
659 2943 806 3010 postquam
821 2941 978 2995 Pausaniae
996 2941 1088 2994 locum
1108 2941 1213 3006 attulit,
1231 2942 1271 2995 sio
1290 2941 1400 3011 pergit:

227 3016 347 3079 ἀλλαχοθ
368 3013 399 3066 δέ
416 3013 568 3080 γράφεται·
589 3013 723 3080 ἐγκοτύλη
742 3013 838 3066 παιδιά
856 3029 910 3080 τις,
930 3015 968 3066 uc
986 3015 1030 3066 καλ
1050 3014 1164 3080 ἑτέρωθι
1183 3015 1347 3082 γέγραπται,
1367 3016 1399 3068 ἐν

227 3088 244 3154 ῇ
265 3085 442 3139 κοιλάναντες
460 3085 575 3152 χεῖρα(ς)
595 3085 723 3149 δέχονται
736 3085 772 3136 τὰ
786 3085 893 3149 γόνατα
909 3089 969 3137 τῶν
984 3085 1171 3150 νενικηκότων
1185 3085 1211 3138 οἱ
1225 3087 1399 3150 νενικημένοι

228 3160 272 3210 καλ
292 3155 468 3222 βαςτάζουςιν
488 3156 597 3208 αύτούς.
630 3171 701 3222 quae
721 3154 812 3208 eidem
831 3153 987 3208 Pausaniae
1006 3153 1161 3210 vindicavit
1179 3155 1267 3210 Meier
1285 3154 1397 3225 (Opusu.

227 3228 253 3280 ΙΙ
272 3229 326 3294 96).
367 3225 540 3279 Rindfleiseh
563 3226 608 3295 (de
631 3225 712 3280 Paua.
737 3227 767 3280 et
785 3226 844 3279 Aet.
869 3225 949 3279 Dion.
973 3225 1025 3279 lex.
1050 3226 1133 3294 rhet.)
1158 3227 1306 3282 adnotasse
1329 3227 1399 3282 satis

228 3297 340 3352 habuit:
362 3297 477 3351 ‘errasse
495 3296 606 3352 videtur
625 3296 766 3351 Meierus’.
795 3297 889 3351 Nabar
905 3295 995 3364 (Phot.
1011 3297 1120 3365 Proleg.
1135 3315 1162 3367 p.
1177 3300 1222 3366 46)
1241 3297 1399 3353 Pausaniae

226 3369 311 3424 lexiui
330 3367 413 3422 alteri
431 3367 586 3423 reoensioni
605 3370 687 3437 (quae
706 3367 786 3422 nulla
804 3369 857 3434 est)
880 3366 933 3422 illa
950 3366 1055 3423 tribuit.
1093 3384 1176 3424 nemo
1194 3368 1280 3437 igitur
1298 3370 1399 3425 horum

228 3458 262 3494 ex
285 3439 430 3494 Athenaeo
454 3439 633 3493 Eustuthinuu
656 3437 707 3492 iila
736 3437 915 3508 desoripsisss
939 3439 1018 3493 vidit.
1041 3471 1073 3478 —
1108 3439 1154 3508 ¹⁸²)
1179 3440 1219 3495 cf.
1244 3440 1398 3494 Hermann-

229 3511 322 3578 Stark,
342 3509 451 3564 Grieeh.
466 3509 613 3564 Privatalt.
627 3529 653 3579 p.
670 3515 730 3565 267,
751 3509 876 3565 diversos
896 3527 956 3564 esse
975 3509 1052 3564 lusus
1072 3508 1142 3565 dicit
1156 3510 1327 3581 Grasberger
1345 3512 1363 3567 l.
1380 3513 1397 3567 l.

228 3584 240 3638 I
261 3588 319 3636 106.
357 3581 477 3634 eundem
503 3597 562 3635 esse
585 3581 677 3634 lusum
697 3581 876 3635 confirmatur
899 3597 965 3636 vase
985 3581 1104 3649 quodam
1124 3582 1220 3636 Attico
1246 3583 1275 3636 in
1301 3599 1397 3637 museo

228 3651 401 3707 Berolinensi
419 3654 574 3718 asservato,
598 3652 646 3706 ubi
664 3651 710 3706 hin
732 3652 809 3706 lusus
828 3652 920 3722 pietus
946 3651 1077 3706 cernitur.
1106 3653 1140 3709 of.
1161 3652 1189 3706 G.
1210 3653 1327 3720 Robert,
1347 3655 1398 3706 Ar-

151 3757 156 3767 «
229 3724 336 3778 uhaeol.
352 3724 413 3791 Ztg.
435 3727 503 3777 1879
522 3741 548 3793 p.
570 3729 603 3778 79
613 3741 652 3792 sq.
672 3723 745 3779 falsa
763 3726 857 3777 antem
877 3726 942 3778 sunt
959 3739 1030 3792 quae
1049 3723 1084 3777 de
1103 3723 1274 3793 scriptorum
1288 3724 1398 3779 ratione

226 3795 277 3850 ille
295 3792 449 3849 adnotavit.
482 3811 533 3848 nee
553 3793 700 3850 Suetonius
719 3794 921 3864 Apollodorum
940 3794 1070 3848 adhibuit
1088 3811 1139 3850 neo
1159 3812 1177 3849 a
1190 3795 1329 3850 Pausania
1347 3799 1397 3849 aut

229 3866 368 3922 aPolluoe
383 3864 551 3932 compilatus
566 3869 615 3921 est.
631 3885 656 3921 v.
672 3883 731 3935 sup.
750 3868 809 3920 not.
822 3871 880 3921 157.
893 3897 925 3906 -
945 3865 990 3934 188)
1005 3866 1146 3920 Lacunam
1162 3866 1299 3921 vocabulo
1312 3868 1399 3934 ἐγκρι-

229 3938 327 3993 καδίαν
341 3935 466 4005 explevit
479 3937 587 3997 deter,
608 3938 641 3992 of.
657 3937 775 4004 Hesyeb.
791 3937 960 4006 ἐγκρικαδία·
976 3940 1085 4004 ςυναφή
1100 3943 1202 4005 χειρῶν
1216 3937 1255 3992 εἰς
1267 3938 1398 3992 τούπίςω.

229 4010 315 4064 schol.
330 4009 356 4062 V
375 4007 411 4061 ad
430 4009 453 4060 Ψ
468 4014 515 4062 34:
534 4010 578 4061 καλ
592 4010 686 4062 παιδιὰ
706 4010 736 4062 δέ
749 4025 791 4062 τις
804 4011 834 4062 ἐν
853 4011 955 4078 κοτύλῃ
975 4009 1092 4076 λέγεται,
1112 4010 1222 4063 ἐπειδὰν
1240 4011 1290 4063 τάς
1308 4017 1399 4077 χεῖρας

229 4083 406 4136 κοιλάναντες
419 4078 457 4133 εἰς
470 4079 592 4133 τούπίςω
608 4081 751 4146 δεχώμεθα
764 4098 826 4135 τινα
840 4080 1021 4147 ἐπιβεβηκότα
1040 4081 1091 4145 μὲν
1105 4086 1164 4134 τοῖς
1177 4081 1288 4146 γόναςιν
1302 4083 1398 4148 αὑτοῦ,

228 4159 289 4207 ταῖς
308 4154 338 4206 δὲ
356 4152 445 4218 χερςλν
464 4153 530 4205 τούς
549 4153 711 4218 ὀφθαλμοὺς
729 4154 929 4219 κατειληφότα·
949 4151 1079 4217 ταύτην
1099 4153 1133 4206 δέ
1152 4151 1178 4206 οἱ
1197 4153 1247 4217 μέν
1266 4154 1398 4219 ἐπιδιφρι-

229 4225 296 4290 ςμόν
320 4224 496 4291 (ἐφεδριςμόν
521 4222 639 4291 conicio)
667 4226 807 4290 καλοθςιν,
837 4225 863 4278 οἱ
891 4225 921 4277 δὲ
950 4221 1161 4290 (ἐγ)κριιιαδίαν,
1191 4223 1229 4291 [οἱ
1257 4224 1287 4277 δέ
1315 4224 1398 4290 άπόρδ

229 4296 326 4363 ραξιν].
347 4324 379 4334 -
403 4309 454 4362 pro
473 4293 621 4362 κυβηςίνδα
641 4292 723 4361 (Ρολλ.
742 4294 860 4364 Hesyoh.
881 4293 973 4362 Phot.)
997 4292 1172 4349 scribendum
1198 4293 1309 4349 videtur
1326 4298 1397 4364 κυβι-

230 4367 335 4422 ςτίνδαι
356 4365 527 4437 Grasberger
545 4367 562 4421 λ.
584 4366 601 4420 l.
621 4383 647 4436 p.
669 4371 727 4422 112.
