3102 5158
234 235 300 302 344
351 207 354 216 Ι
701 235 828 310 Lecpold
847 235 941 294 Cohnr

234 425 357 488 genera,
382 427 459 484 quae
481 426 541 468 uon
559 427 575 466 e
594 407 693 468 lexicis
718 407 755 466 ad
770 410 866 468 certos
899 407 1058 484 scriptores
1082 408 1305 483 pertinentibus
1325 408 1415 470 sede

232 499 386 575 glossariis
407 500 441 556 ut
458 497 503 557 ita
521 497 616 556 dicam
635 497 766 558 realibus
786 498 962 574 deprompta
976 497 1173 558 existimanda
1194 502 1276 558 suut:
1296 518 1356 575 qua
1375 501 1415 558 dc

233 589 323 648 read
343 587 540 648 Schmidtium
559 579 627 666 (Qu.
638 586 709 646 Hes.
720 605 784 662 cap.
797 579 852 666 IX)
871 587 1021 646 remisisse
1041 587 1115 647 satis
1135 591 1188 647 est.
1217 588 1292 648 talia
1310 591 1415 648 autem

234 678 312 737 unde
335 676 452 736 facilius
476 676 576 752 potuit
598 679 734 752 repetere
758 694 847 752 quam
867 696 882 735 e
901 675 1069 752 Pamphilei
1095 676 1182 736 lexici
1204 681 1290 753 parte
1316 677 1415 736 altera

234 761 321 844 (περὶ
340 757 545 846 ὀνομάτων)’ἒ
574 765 654 831 idem
672 765 753 825 valet
772 765 808 824 de
826 765 939 842 glossis
958 765 996 824 ed
1011 768 1108 825 certas
1124 770 1229 840 gentes
1247 767 1414 826 referendis

234 847 385 936 (γλῶεεαι
409 849 599 928 Λακωνικαί,
624 848 768 928 Κρητικαί
794 847 892 935 sim),
911 873 1038 930 quarum
1062 854 1250 916 collectiones
1275 856 1313 914 ab
1336 856 1413 915 anti-

235 943 390 1020 quioribus
400 941 604 1019 grammaticis
618 943 767 1003 confectas
777 942 952 1018 Pamphilus
965 944 1222 1018 transscripserat.
1250 946 1329 1019 quod
1344 964 1413 1004 cnm

235 1033 308 1092 satis
327 1035 457 1108 constet,
476 1033 556 1090 idem
575 1031 773 1109 colligendum
797 1031 917 1092 videtur
936 1032 973 1091 de
998 1033 1167 1108 glossarum
1186 1033 1412 1092 collectionibus

234 1122 297 1183 sive
317 1123 354 1180 ad
369 1125 466 1181 certos
482 1120 642 1197 scriptores
658 1120 720 1180 sire
734 1120 913 1196 scriptorum
927 1139 1038 1197 genera
1051 1121 1280 1196 pertinentibus.
1309 1141 1412 1182 omues

234 1211 298 1269 eius
321 1210 402 1271 modi
424 1209 517 1270 libros
540 1228 559 1269 a
582 1209 738 1286 Pamphilo
762 1209 822 1268 iam
845 1209 995 1270 adhibitos
1018 1211 1115 1270 denuo
1144 1211 1327 1286 perscrutari
1351 1230 1414 1270 non

235 1318 309 1376 opus
322 1300 379 1359 fuit
387 1299 579 1375 Diogeniano.
605 1317 786 1375 quamquam
800 1317 860 1359 non
873 1299 992 1357 unicum
1004 1298 1182 1374 Diogeniani
1194 1300 1307 1360 sontem
1316 1300 1412 1360 fuisse

235 1389 384 1464 Pamphili
399 1387 514 1448 lexicon
529 1387 678 1448 existimo:
692 1387 905 1465 grammaticos
917 1389 1062 1464 quosdam
1074 1388 1126 1464 qui
1140 1392 1209 1464 post
1218 1389 1411 1465 Pamphilum

236 1478 419 1554 scripserunt
438 1478 475 1536 ab
494 1477 545 1536 illo
565 1476 717 1536 adhibitos
735 1495 800 1536 esse
819 1495 878 1536 non
896 1495 983 1552 nege.
1282 1497 1284 1500 ·

323 1565 467 1626 Similiter
485 1585 519 1625 ac
536 1565 738 1641 Diogenianus
757 1564 949 1641 Pamphilum
967 1565 1171 1626 adhibuerunt
1184 1567 1276 1626 ceteri
1290 1569 1321 1626 et
1336 1567 1413 1626 eius-

234 1657 302 1716 dem
317 1659 348 1716 et
365 1655 518 1731 proximae
533 1655 642 1714 aetatis
656 1655 869 1732 lexicographi,
888 1654 993 1714 Aelius
1008 1654 1171 1732 Dionysius
1186 1655 1352 1715 Pausanias
1360 1647 1412 1736 ¹2⁰)

234 1746 408 1806 Athenaeus
432 1736 598 1824 Perlux121)
628 1736 877 1824 Phrynichus122)
905 1736 1103 1824 Boethus.¹²³)
1144 1746 1246 1820 itaque
1274 1744 1326 1804 ubi
1354 1745 1414 1804 He-

238 1833 359 1911 sychius
378 1853 446 1893 cum
466 1833 508 1894 eis
529 1833 689 1909 conspirat,
708 1834 884 1909 plerumque
899 1851 1060 1893 consensus
1078 1833 1123 1891 ita
1137 1834 1338 1910 explanandus
1358 1837 1415 1907 est,

239 1927 274 1983 ut
286 1924 449 1984 communis
459 1926 562 1982 auctor
571 1922 747 1998 Pamphilus
762 1921 809 1982 sit
829 1925 918 1998 atque
929 1921 1055 1980 eundem
1066 1921 1225 1982 Suetonius
1237 1922 1414 1998 Diogeniani

237 2013 371 2089 aequalis
387 2013 420 2071 in
434 2011 519 2073 libris
533 2029 608 2088 quos
623 2011 745 2087 scripsit
762 2010 877 2088 graecis
892 2009 1030 2069 adhibuit
1037 2001 1098 2090 ¹²⁴),
1117 2011 1147 2069 id
1167 2012 1246 2088 quod
1266 2012 1413 2088 excerpt-is

237 2101 425 2162 Suetonianis
440 2120 507 2161 oum
517 2100 668 2176 Pamphili
683 2100 789 2160 ceteris
800 2100 1043 2176 compilatoribus
1054 2101 1234 2176 comparatis
1247 2100 1411 2176 apparebit.

325 2191 393 2250 Non
403 2190 516 2249 multae
536 2184 727 2266 βλαεφημίαι
737 2190 767 2248 iu
780 2189 926 2266 excerptis
937 2188 1126 2249 Suetonianis
1139 2193 1265 2261 exstant,
1285 2208 1413 2265 quarum

236 2279 375 2340 notitiam
393 2279 446 2338 uui
466 2277 607 2338 Suetonio
627 2279 777 2338 debemus.
810 2296 913 2338 omnes
932 2278 1087 2337 numeravi
1106 2277 1413 2354 duodequadraginta,

237 2389 313 2446 quae
333 2369 406 2428 alibi
425 2386 485 2450 non
503 2370 787 2428 commemorantur:
808 2362 884 2445 (cap.
905 2359 940 2445 2)
960 2359 1219 2448 ssopboprinnc¹²⁶l
1239 2361 1412 2442 dvucuprd-

236 2450 344 2539 hum)
372 2451 528 2518 πανδοεία
560 2450 731 2532 λεωφόροε
759 2446 1000 2531 πολύυμνοεῑῗῗ)
1025 2447 1279 2536 perrexerunt)
1304 2455 1411 2531 χαλκι-

237 2539 373 2630 circem)
389 2543 537 2622 μύζουριε
551 2542 689 2622 κύνειρα,
703 2538 754 2627 (3)
769 2536 962 2626 ἄετυτοεωθ)
977 2537 1147 2606 Ἀετυάναξ
1162 2537 1412 2624 κυεολέεχηεῑῧῑ)

313 2716 358 2785 ¹²⁰)
377 2716 441 2772 Non
459 2716 596 2772 assentior
614 2715 727 2771 Nabero
746 2715 857 2770 Aelium
875 2715 1041 2784 Dionysium
1054 2714 1278 2784 Pausaniamque
1297 2719 1411 2773 auctore

236 2804 301 2842 usos
324 2804 386 2842 esse
409 2787 597 2858 Diogeniano:
623 2786 741 2842 Photius
763 2802 827 2841 mea
850 2786 961 2854 quidem
987 2785 1128 2842 sententia
1146 2787 1314 2856 Diogeniani
1336 2788 1413 2842 Peri-

236 2861 420 2928 ergopenetes
444 2859 503 2929 ipse
522 2857 661 2914 adhibuit.
694 2857 798 2912 Weber
816 2856 927 2924 (Philol.
946 2859 964 2912 l.
979 2859 997 2914 l.
1016 2877 1044 2929 p.
1063 2863 1126 2926 549)
1146 2859 1290 2913 contendit
1309 2858 1412 2930 Dioge·

235 2930 350 2985 nianum
374 2931 437 2984 Aeli
461 2930 576 2998 Dionysi
594 2928 805 2998 Pausaniaeque
829 2927 920 2983 lexica
937 2929 1112 2984 adhibuisse:
1137 2946 1221 2997 quam
1244 2931 1413 2985 sententiam

238 3017 293 3056 non
312 3001 404 3056 minus
418 3001 520 3056 falsam
539 3001 659 3072 probare
673 3001 777 3055 frustra
791 2999 900 3054 studuit
915 3001 1022 3069 Boysen
1037 3000 1082 3066 (de
1095 2999 1230 3070 Harpocr.
1245 2999 1329 3055 lexici
1343 3001 1412 3056 lent.

235 3091 263 3142 p.
283 3075 337 3141 61).
356 3103 389 3114 —
413 3072 461 3140 l²¹)
480 3072 580 3127 Pollux
598 3072 717 3126 fortasse
735 3071 844 3125 Vestini
869 3071 1011 3140 epitomen
1029 3070 1224 3140 Pamphilsam
1247 3073 1413 3142 compilarit

237 3145 272 3212 (v.
287 3159 347 3212 sup.
361 3161 389 3212 p.
405 3145 477 3212 325).
498 3174 531 3184 —
554 3143 599 3211 ¹²²)
617 3141 794 3212 Phrynichus
812 3159 868 3196 ncn
886 3142 1028 3211 Pamphili
1045 3140 1157 3196 lexicon
1175 3141 1224 3196 sed
1242 3143 1412 3213 Diogeniani

236 3213 386 3282 Epitomsn
409 3215 521 3269 videtur
544 3230 692 3284 usurpasse
716 3214 762 3282 (ef.
786 3213 873 3268 schol.
897 3213 1029 3285 Hermcg.
1053 3230 1096 3282 ap.
1121 3213 1207 3269 Beklr.
1232 3215 1283 3270 An.
1307 3215 1352 3270 Gr.
1372 3215 1412 3268 lIl

238 3291 314 3344 1073.
347 3286 443 3341 Naber
465 3285 574 3356 Prolsg.
598 3305 625 3356 p.
645 3288 699 3355 26),
724 3315 758 3325 -
785 3283 830 3353 ¹²³)
854 3285 993 3340 Boethum
1016 3285 1214 3355 philosophum
1237 3285 1414 3342 Stoicumst

236 3356 731 3484 talttlltlittahltit⁰
750 3355 1414 3498 tttssltatttttinsitiens?

236 3497 360 3553 Boethus
383 3503 477 3554 autem
500 3516 564 3554 cum
587 3500 656 3554 alios
679 3503 738 3554 tum
762 3498 912 3569 praecipue
932 3498 1109 3568 Pamphilum
1134 3504 1276 3554 auctorem
1300 3502 1412 3554 secutus

237 3571 291 3636 est3
311 3569 415 3638 passim
430 3571 517 3625 edam
531 3569 697 3641 Diogeniani
712 3571 972 3638 Περιεργοπὲνηταε
989 3569 1118 3638 inspexit,
1137 3568 1210 3622 unde
1225 3573 1325 3637 quater
1343 3569 1412 3625 Dio-

238 3639 374 3710 geniauus
393 3659 410 3695 a
429 3641 514 3696 schol.
534 3641 606 3696 Plat.
625 3640 769 3708 laudatum
788 3642 860 3696 falso
875 3641 949 3695 enim
963 3639 1058 3695 Nabcr
1072 3639 1172 3695 statuit
1186 3640 1326 3695 Boethum
1344 3641 1412 3697 Dio·

237 3712 350 3780 geniani
373 3712 529 3768 mentiones
552 3713 654 3768 debere
676 3711 758 3767 Aelio
783 3710 925 3782 Dionysio.
954 3743 987 3750 —
1020 3711 1064 3779 ¹²⁴)
1084 3710 1248 3766 Suetonium
1269 3729 1357 3782 usque
1375 3712 1413 3767 ad

236 3783 389 3853 Didymum
407 3800 564 3854 regressum
583 3799 644 3838 esse
663 3783 785 3852 (Fresen.
804 3802 830 3854 p.
852 3784 896 3852 78)
915 3799 972 3838 non
990 3782 1081 3852 magis
1101 3784 1145 3836 est
1161 3783 1309 3852 probabile
1327 3799 1412 3853 quam

237 3853 449 3924 Diogenianum.
486 3856 516 3910 st
537 3856 568 3910 in
590 3856 660 3910 λέξει
683 3861 788 3924 κωμικῇ
812 3872 868 3909 non
892 3870 987 3909 omues
1011 3852 1120 3908 invenit
1143 3855 1325 3923 βλαεφημίαε,
1348 3871 1411 3909 cum

237 3925 312 3994 apud
330 3925 508 3995 Pamphilum
526 3926 611 3996 longe
629 3925 766 3997 plurimas
783 3926 922 3980 exstitisse
936 3923 1068 3979 credibile
1088 3924 1132 3981 sit.
1152 3955 1185 3964 —
1209 3925 1255 3990 ¹²⁶)
1274 3927 1409 3980 Neutrum

237 3997 356 4053 formam
375 3997 490 4052 exhibet
507 3997 627 4066 Hesych.
648 3999 837 4065 βορβορωπόν.
857 4015 883 4051 v.
903 4014 962 4066 sup.
981 3997 1038 4050 not.
1054 4001 1096 4051 95.
1116 4027 1149 4036 -
1173 3997 1215 4067 ¹²⁶)
1235 3997 1276 4052 cf.
1289 3993 1408 4062 Hesyoh.

237 4069 446 4136 ἀναεεωρμένη.
470 4067 552 4122 Mein.
577 4069 654 4124 Com.
674 4067 712 4121 ΙΙΙ
733 4075 792 4124 272.
826 4099 859 4108 -
896 4067 941 4134 127)
961 4067 1198 4123 Contumeliosum
1224 4067 1409 4138 significatum

236 4138 392 4209 glossarum
411 4141 556 4208 λεωφόρος
573 4141 732 4206 πολύυμνο(
750 4141 907 4206 (πάλαθρον
926 4140 1021 4193 δοῖδυξ
1034 4141 1139 4207 τορύνη
1155 4138 1205 4194 alii
1223 4137 1359 4208 ignorant.
1375 4165 1409 4174 —

241 4211 286 4280 ¹²⁸)
305 4211 346 4266 Cf.
361 4211 479 4280 Hesych.
495 4210 577 4266 Phot.
592 4214 685 4277 κῆπος.
705 4242 741 4251 -
764 4210 808 4277 ¹²⁹)
827 4209 994 4266 Χαλκιδίζειν
1012 4208 1086 4265 idem
1102 4227 1163 4266 esse
1182 4208 1256 4277 quod
1272 4207 1409 4273 rlrcxpsd-

237 4287 311 4336 εεθαι
333 4284 474 4338 testantur
496 4283 570 4338 Plut.
589 4280 671 4337 Prov.
691 4283 751 4336 [84
772 4281 847 4336 Suid.
867 4279 944 4335 Eust.
964 4300 990 4350 p.
1011 4287 1076 4348 279,
1094 4287 1135 4336 18.
1157 4311 1193 4320 —
1220 4278 1264 4346 1⁸⁰)
1283 4279 1410 4332 Ἀετυτοι

237 4354 336 4408 titulus
359 4353 414 4408 fuit
436 4354 548 4408 fabulae
572 4352 717 4407 cuiusdam
740 4351 843 4407 Eubuli
867 4351 967 4407 comici
985 4353 1098 4423 (Athen.
1118 4353 1144 4406 ll
1163 4355 1236 4408 eac).
1277 4349 1410 4405 ‘deruroc

236 4425 329 4480 oisoc’
350 4423 421 4481 dixit
439 4424 600 4480 Xenarchus
619 4423 694 4479 Corn.
714 4424 753 4478 ΙΙΙ
772 4430 833 4480 614.
852 4455 885 4464 -
910 4423 955 4496 ¹⁸¹)
975 4422 1015 4480 cf.
1035 4423 1154 4494 Hesych.
1175 4438 1195 4476 s.
1215 4439 1239 4476 v.
1260 4423 1349 4478 κυεόε.
