3102 5158
139 283 182 340 De
196 283 387 354 Aristophane
401 283 534 354 Byzantio
548 283 578 339 et
588 281 722 340 Suetonio
736 281 901 352 Tranquillo
915 282 1046 338 Bustathi
1059 282 1228 339 auctoribus.
1251 270 1316 346 309

136 445 178 534 (v.
193 472 258 530 sup.
271 474 299 530 p.
319 446 408 534 304).
435 453 564 514 Pollucis
582 452 677 530 igitur
691 452 802 513 auxilio
818 446 1090 529 equorumittuddc
1105 453 1184 529 apud
1198 451 1315 512 Aristo-

133 543 264 618 phanem
283 543 461 620 Byzantium
481 543 610 604 fortasse
629 542 672 603 sic
690 543 893 628 restituendae
912 544 995 603 sunt:
1019 538 1129 603 ἵππων
1149 537 1179 602 οἱ
1198 539 1315 602 τέλειοι

135 627 396 707 λειπογνώμονε(
410 677 417 691 .
433 677 440 694 .
456 677 462 692 .
477 627 509 692 ot
528 629 563 692 δὲ
583 629 650 693 νέοι
671 630 784 707 πῶλοι,
804 628 891 707 με’(οι
910 629 945 692 δὲ
965 625 1077 708 ἄβολοι
1095 625 1197 692 ἵπποι.

224 847 396 906 Extremam
414 847 504 906 huius
524 845 629 922 capitis
653 848 783 922 partem,
809 845 1041 922 disputationem
1064 846 1101 905 de
1125 845 1216 905 feris
1241 845 1315 905 ani-

135 930 294 995 malibus
314 937 408 996 etde
428 934 557 996 avibus
577 935 716 1010 supplere
725 935 796 994 licet
806 953 842 992 ex
852 933 969 995 Aeliani
979 935 1098 994 Natura
1112 933 1315 994 Animantium

134 1024 192 1083 VII
211 1027 262 1085 47.
299 1025 330 1083 Μ
348 1025 379 1084 in
396 1025 452 1084 hac
470 1027 557 1101 parte
579 1026 697 1083 tantam
716 1022 922 1100 epitomatoris
947 1023 1172 1100 neglegentiam
1189 1043 1263 1100 prae
1282 1043 1314 1082 se

134 1113 207 1191 fert,
230 1117 265 1172 ut
286 1114 363 1172 nihil
385 1113 455 1174 fere·
471 1108 614 1173 utilitatis
637 1113 809 1189 praeberet,
832 1113 892 1172 nisi
915 1112 1093 1172 Bustathius
1119 1115 1151 1172 et
1169 1111 1313 1172 Aelianus

136 1203 342 1262 subvenirent:
366 1202 518 1278 permulta
540 1203 592 1261 ille
611 1202 725 1275 omisit,
749 1205 848 1261 cetera
866 1201 915 1262 vel
934 1203 1082 1261 contraxit
1099 1201 1149 1261 vel
1167 1201 1313 1278 congluti-

133 1290 228 1366 navit,
246 1292 360 1368 passim
377 1311 475 1352 meras
495 1292 612 1368 glossas
632 1291 764 1351 servavit
781 1290 1079 1367 interpretationibus
1099 1291 1225 1350 omissis.
1260 1309 1315 1350 nec

135 1381 314 1440 Eustathius
337 1380 367 1439 in
391 1381 437 1440 his
462 1381 586 1440 eandem
609 1399 711 1439 curam
736 1379 982 1456 diligentiamque
1000 1379 1154 1455 praestitit
1173 1398 1264 1456 quam
1283 1379 1314 1438 in

136 1469 288 1546 superiore
306 1473 400 1546 parte.
432 1469 558 1530 Aeliano
577 1488 648 1529 vero
667 1488 704 1529 ne
723 1469 802 1528 iusto
820 1469 889 1544 plus
909 1467 978 1528 fidei
1001 1463 1164 1528 habeamus
1184 1468 1312 1528 maxime

135 1560 301 1619 cavendum
325 1562 383 1618 cst:
411 1578 448 1618 ne
471 1559 497 1618 is
520 1558 641 1636 quidem
664 1557 851 1618 celeberrimi
877 1552 1066 1634 grammatici
1089 1558 1313 1617 observationes

136 1648 210 1707 satis
229 1666 339 1724 magna
356 1647 502 1708 fidelitate
522 1647 676 1723 expressit.
711 1648 763 1707 sed
782 1645 901 1707 videtur
918 1646 983 1722 ipse
1002 1665 1061 1707 non
1079 1647 1140 1705 iam
1159 1646 1314 1724 integrum

135 1737 173 1796 ad
197 1756 303 1796 manns
327 1737 468 1797 habuisse
491 1737 655 1813 exemplar,
682 1754 833 1812 perpauca
859 1735 985 1811 praebet
1009 1753 1084 1813 quae
1108 1735 1140 1794 in
1166 1735 1311 1812 excerptis

135 1825 308 1904 Byzantinis
328 1826 479 1886 exstitisse
497 1845 557 1886 non
575 1826 743 1887 rideantur.

223 1915 314 1974 Initio
342 1914 553 1992 disputationis
577 1913 793 1990 Aristophanes
816 1914 979 1991 Byzantius
1002 1914 1155 1991 pullorum
1178 1914 1314 1974 omnium

134 2003 268 2064 ferarum
290 2005 412 2063 nomina
434 2004 597 2080 congessit:
620 2005 719 2064 omnia
742 2003 843 2063 omisit
862 2003 906 2077 M,
928 2021 1024 2079 pauca
1047 2002 1203 2080 descripsit
1227 2004 1315 2066 Eust.

134 2087 176 2174 (p.
198 2083 305 2174 1625),
324 2093 419 2154 multo
436 2094 525 2168 plura
543 2083 739 2174 Aelianus.⁵³)
770 2091 939 2153 nominihus
959 2092 1035 2168 pulli
1053 2093 1147 2152 leonis
1166 2111 1243 2169 quae
1264 2112 1311 2153 ex-

135 2183 244 2258 cerptis
258 2182 432 2259 Byzantinis
447 2185 478 2242 et
492 2182 530 2241 ab
541 2181 666 2242 Aeliano
681 2182 842 2240 traduntur
855 2175 1025 2241 addendum
1039 2181 1159 2240 videtur
1173 2174 1316 2256 bpdcoc

133 2271 313 2331 vocabulum
340 2272 378 2331 ab
402 2271 552 2347 Aeschylo
575 2271 681 2348 Agam.
707 2271 768 2330 141
794 2273 982 2346 usurpatum.
1018 2271 1082 2330 huc·
1105 2270 1185 2332 enim
1213 2271 1310 2331 refero

135 2361 214 2437 quod
236 2359 425 2434 Herodianus
450 2361 541 2420 schol.
563 2359 592 2418 A
611 2361 674 2420 567
702 2351 744 2442 (r.
763 2379 828 2435 sup.
846 2362 908 2419 not.
930 2351 963 2442 6)
990 2358 1151 2419 memoriae
1179 2359 1312 2437 prodidit

135 2442 412 2531 (Nauokf1·g.59):
430 2445 467 2510 ἐν
482 2446 517 2509 δὲ
532 2448 602 2509 ruit
616 2441 864 2524 Ἀριετοφάνοο(
883 2443 1037 2521 γλάιααι(
1054 2443 1106 2508 διὰ
1124 2447 1182 2508 rot
1202 2445 1219 2510 ἒ
1238 2444 1308 2521 ἐγὲ·
1413 2449 1421 2464 “

133 2554 258 2612 γραπτο
282 2532 428 2599 ἀέπτουε.
464 2537 682 2614 Aristophanes
705 2537 919 2614 grammaticus
934 2531 1056 2611 Ιδρόεο(
1075 2537 1213 2598 vocabuli
1247 2538 1315 2596 illu-

136 2627 252 2686 strandi
269 2645 360 2687 eausa
376 2627 521 2704 Aeschyli
539 2645 660 2687 versum
679 2621 836 2701 botrorcrv
855 2619 985 2686 ἀὲπτοι(
1004 2624 1153 2701 μαλερῶν
1168 2643 1202 2688 τε
1218 2621 1311 2687 λεόν-

134 2731 201 2776 των
219 2715 395 2778 laudaverit.
432 2715 620 2776 Aristonicus
639 2734 756 2792 quoqne
779 2716 858 2774 hunc
883 2711 1004 2777 λέξεων
1023 2714 1315 2792 Aristophanearum

134 2807 233 2866 locum
246 2806 370 2866 ridetur
387 2805 574 2888 respexisset
585 2805 622 2865 cf.
640 2805 689 2864 Bt.
708 2805 769 2881 Mg.
788 2805 863 2880 377,
882 2805 923 2865 37
949 2799 1047 2878 ἕρεαι·
1075 2847 1149 2866 ....
1168 2799 1213 2864 άι(
1231 2798 1312 2878 Ἀρι·

136 2889 278 2955 (τόνικο(
301 2891 338 2955 ἐν
361 2888 505 2970 (ημείοιε.
544 2889 617 2969 ioca
641 2887 703 2968 γάρ
728 2889 812 2954 ἐ(τιν
830 2889 850 2968 ἡ
869 2887 991 2966 δρόεο(
1028 2889 1079 2952 καὶ
1098 2888 1251 2968 Αἰεχάλο(
1275 2889 1313 2953 ἐν

136 2977 346 3059 Ἀγαμέμνονι
368 2980 443 3046 τοὺ(
467 2979 622 3058 εκάμνοιι(
645 2981 711 3043 τῶν
731 2976 875 3044 λεόντων
894 2976 1028 3056 δρόεου(
1049 2978 1192 3057 κέκληκε,
1217 2997 1312 3057 μετα-

136 3068 270 3147 φράζων
288 3072 393 3133 τοῦτο.
416 3105 454 3116 -
476 3076 596 3133 secutae
615 3074 687 3132 sunt
710 3065 845 3147 ἐλάφων
867 3065 982 3144 ἡλικίαι
1005 3071 1036 3130 in
1055 3071 1086 3129 Μ
1106 3074 1137 3130 et
1155 3072 1235 3148 apud
1255 3072 1314 3129 Bu-

136 3162 282 3222 stathium
300 3163 439 3222 traditae.
472 3161 550 3240 quod
569 3160 714 3221 Aelianus
734 3179 784 3220 eas
803 3159 913 3232 omisit,
932 3177 1051 3220 causam
1070 3161 1220 3244 reperisse
1239 3159 1313 3218 mihi

135 3251 247 3311 videor.
283 3252 342 3311 huc
366 3253 444 3311 enim
467 3251 616 3328 pertinere
639 3249 780 3310 videntur
803 3267 878 3327 quae
903 3248 939 3308 de
963 3245 1159 3309 Anacreontis
1185 3248 1316 3326 quodam

136 3359 226 3400 versu
245 3359 281 3399 er
299 3340 501 3416 Aristophane
521 3339 666 3416 Byzantio
685 3337 800 3416 profert
814 3338 958 3398 Aelianus
972 3338 1008 3396 N.
1023 3337 1059 3396 A.
1075 3337 1135 3395 Vll
1150 3340 1206 3398 39:
1224 3333 1315 3397 “Ocor

137 3425 264 3501 λέγοοο
283 3426 384 3505 θῆλυν
407 3424 533 3504 ἔλαφον
552 3425 669 3503 κέρατα
693 3423 733 3488 οὐ
752 3422 860 3503 φύειν,
887 3421 946 3486 οὐκ
970 3421 1134 3486 αἰδοῦνται
1157 3424 1233 3486 τοὺ(
1257 3425 1315 3484 τοῦ

137 3513 284 3579 ἐναντίου
308 3512 476 3594 μάρτυραε,
496 3515 665 3593 (οφοκλέα
684 3513 742 3592 μὲν
760 3510 893 3576 εἰπόντα
918 3509 1035 3590 ’νομάε
1053 3511 1087 3575 τὲ
1107 3531 1155 3574 τι(
1173 3508 1316 3590 κεροά((’

137 3600 198 3667 ἀπ’
220 3602 338 3683 ὀρθίων
361 3601 476 3680 πάγων
503 3601 506 3686 λ
535 3605 706 3680 καθεῑρπεν
725 3598 873 3680 ἔλαφο(’,
897 3600 949 3664 καλ
967 3597 1064 3665 πάλιν
1084 3597 1200 3680 εάραεα
1219 3599 1316 3680 μάξα(

138 3692 160 3758 -’
173 3732 192 3758 o
209 3693 266 3757 rui
279 3691 500 3773 κεραεφάροιι(
520 3689 526 3778 Ι
546 3689 742 3770 (τάρθυγγαε
761 3687 847 3770 εῐρφ’
865 3687 1003 3770 ἕκηλο(’.
1036 3689 1087 3754 καὶ
1105 3693 1206 3753 ταάτα
1224 3690 1282 3769 μὲν
1297 3687 1316 3751 ὁ

116 3951 120 3960 .
204 3901 237 3969 ⁵³)
256 3902 366 3958 Aeliani
383 3903 470 3958 rerba
487 3902 653 3971 παρδάλεων
672 3902 702 3956 δὲ
721 3902 833 3968 (κάμνοι
851 3917 882 3956 τε
902 3902 946 3954 καὶ
965 3901 1080 3968 ἄρκηλοι
1103 3915 1137 3954 ex
1156 3893 1314 3954 Bustathio

137 3973 312 4028 emendenda
334 3990 393 4029 esse
416 3975 469 4030 sie:
488 3975 654 4042 παρδάλεων
677 3975 708 4028 δὲ
731 3974 843 4041 (κάμνοι
866 3974 922 4038 (καὶ
940 3974 1131 4044 παρδολιδεῖε,
1153 3971 1265 4038 ἄρκτων
1285 3971 1315 4022 δὲ

137 4046 260 4114 (κάμνοι)
282 4061 314 4098 τε
337 4048 381 4098 καὶ
403 4047 518 4114 ἄρκηλοι
540 4044 650 4100 monuit
671 4045 772 4099 Nauck
794 4062 822 4114 p.
842 4047 902 4098 115.
925 4042 1072 4098 Fresenius
1095 4043 1134 4112 (p.
1163 4046 1214 4095 120
1239 4059 1267 4094 n.
1287 4044 1315 4108 3)

130 4115 284 4185 sequentia
306 4115 393 4170 verba
414 4117 462 4170 elci
485 4119 515 4171 δὲ
533 4117 562 4171 oi
579 4133 645 4184 φαα
662 4117 745 4182 γένο(
762 4117 858 4183 ἕτερον
876 4119 935 4168 τῶν
953 4115 1119 4182 παρδάλεων
1137 4115 1204 4167 τοὺ(
1232 4112 1315 4179 ἀρκή-

136 4189 281 4243 terestres
292 4186 480 4242 delendeesse
495 4189 591 4242 censet
602 4204 660 4243 non
673 4185 805 4242 dubitans
821 4185 906 4256 ‘quin
919 4184 1017 4240 addita
1031 4184 1088 4239 sint
1101 4185 1152 4238 aut
1164 4201 1182 4238 a
1196 4182 1313 4238 librario

138 4258 187 4328 qni
204 4258 315 4315 Aeliani
329 4259 417 4314 verba
434 4260 492 4324 aut,
511 4258 586 4328 qnod
599 4258 730 4328 equidem
744 4257 850 4325 malim,
868 4257 905 4312 ab
920 4256 1038 4322 Aeliano
1053 4254 1102 4325 qui
1116 4251 1314 4324 Aristophanis

138 4331 224 4386 rerba
250 4330 382 4386 mutilata
406 4326 533 4399 legerit’.
566 4330 652 4385 rerba
678 4330 730 4384 illa
748 4345 815 4384 sana
838 4329 915 4396 sunt,
944 4327 968 4380 si
991 4343 1041 4397 pro
1064 4331 1123 4382 τῶν
1148 4326 1315 4393 παρδάλεων

140 4401 284 4470 scripseris
302 4407 361 4457 τῶν
380 4403 501 4470 ἄρκτων.
528 4399 694 4470 etflesych.
714 4402 832 4469 ἄρκηλα·
852 4401 910 4454 ὠὸν
930 4401 1015 4468 [ζῷον
1034 4397 1155 4466 Nauali}
1193 4398 1317 4464 Κρῆτε(

138 4475 201 4542 την
218 4475 367 4542 ά(τριχα.
397 4473 454 4528 iam
469 4474 589 4542 apparet
602 4488 723 4527 errorem
739 4488 798 4528 esse
812 4470 900 4542 ipsius
914 4468 1034 4539 Aeliani,
1053 4485 1110 4525 non
1127 4467 1315 4525 librariorum.
