3102 5158
252 1199 393 1259 Eustathi
417 1199 645 1260 commentarios
670 1200 843 1260 Homericos
867 1201 976 1259 multas
1000 1204 1030 1259 et
1053 1199 1146 1259 bonas
1166 1220 1182 1260 e
1201 1204 1334 1260 veterum

163 1289 427 1366 grammaticorum
447 1289 532 1348 libris
552 1288 693 1365 reliquias
713 1289 864 1349 continere
882 1289 962 1348 inter
980 1309 1082 1349 omnes
1102 1292 1226 1350 constat.
1260 1311 1336 1366 quae

163 1370 297 1453 dispersa
320 1377 425 1438 doctae
449 1377 624 1438 cruditionis
648 1378 826 1438 documenta
848 1378 989 1453 colligere
1012 1380 1043 1437 et
1066 1380 1104 1438 ab
1126 1378 1247 1464 ineptiis
1267 1381 1335 1439 scri·
1392 1423 1394 1427 -

160 1465 256 1543 pteris
275 1466 433 1542 Byzantini
457 1485 610 1527 secernere
629 1471 660 1526 et
679 1485 732 1526 suo
750 1467 889 1543 quodque
907 1467 1021 1526 auctori
1039 1465 1191 1530 vindicare
1207 1468 1334 1528 maxims

161 1555 363 1616 necessarium
383 1558 436 1615 est.
469 1557 550 1615 amat
564 1556 642 1614 enim
657 1547 834 1616 Eustathius
853 1574 966 1614 morem
984 1555 1066 1615 illius
1085 1556 1194 1616 aetatis
1214 1561 1349 1630 secutus¹

162 1664 250 1720 saepe
269 1647 421 1704 auctorem
436 1663 523 1704 suum
536 1663 595 1703 non
614 1645 768 1714 nominare
782 1648 903 1722 atquae
918 1665 953 1704 ex
967 1645 1100 1704 fontibus
1116 1645 1178 1704 suis
1193 1646 1335 1706 describit

160 1735 208 1793 vel
227 1735 381 1809 tamquam
400 1753 455 1792 sua
476 1734 610 1809 proferre
627 1735 675 1793 vel
695 1734 827 1795 breviter
850 1733 1017 1810 significare
1037 1752 1069 1793 sc
1088 1727 1256 1793 ‘veterum’
1275 1739 1334 1795 tra-

104 1851 111 1864 r
160 1824 230 1881 dere
253 1823 426 1884 doctrinam.
461 1823 564 1899 itaque
586 1841 646 1881 non
669 1822 777 1881 mirum
801 1822 881 1899 quod
904 1822 996 1882 etiam
1018 1823 1074 1881 hoc
1097 1826 1231 1898 tempore
1254 1825 1334 1884 haud

159 1930 228 1970 raro
242 1929 261 1970 a
274 1911 346 1972 viris
362 1911 455 1970 doctis
471 1904 644 1970 ‘Eustathi’
658 1911 831 1972 testimonia
840 1911 1015 1983 afferuntur,
1029 1931 1095 1970 cum
1108 1915 1196 1971 vetus
1212 1913 1333 1988 quidam

159 2000 372 2077 grammaticus
391 2000 558 2060 laudandus
577 2000 676 2061 fucrit.
708 2003 740 2059 ut
757 2000 875 2076 insigne
894 2000 1064 2076 exemplum
1082 2001 1212 2074 afferam,
1232 2002 1270 2060 ab
1290 2004 1333 2062 eis

160 2090 211 2166 qui
226 2090 263 2149 de
278 2088 458 2149 Graecorum
472 2089 589 2148 lusibus
604 2090 739 2149 scribunt
748 2090 839 2148 etiam
849 2108 927 2148 nunc
937 2089 1114 2148 Eustathius
1125 2090 1205 2148 solus
1216 2109 1334 2166 semper

159 2178 246 2238 testis
264 2178 414 2253 laudatur,
434 2196 500 2236 cum
520 2177 630 2238 inillis
649 2178 823 2237 enarrandis
842 2177 1035 2236 Eustathium
1051 2177 1226 2237 Suetonium
1241 2179 1333 2239 Tran-

159 2267 286 2343 quillum
310 2269 443 2328 secutum
468 2286 534 2326 csse
556 2267 617 2325 iam
640 2266 827 2326 intellectum
851 2267 899 2326 sit.
935 2266 1037 2342 itaque
1060 2286 1127 2326 cunr
1148 2286 1225 2328 anno
1247 2271 1331 2329 1876

158 2355 230 2416 ordo
253 2356 497 2432 philosophorum
520 2345 869 2415 Vratislaviensis'hanc
893 2356 1097 2432 quaestionem
1120 2359 1156 2414 ut
1183 2360 1332 2416 certamen

159 2445 245 2504 fieret
259 2444 510 2505 commilitonibus
522 2445 741 2520 proposuisset:
765 2438 923 2504 ‘Auctores
938 2445 976 2502 ab
991 2443 1151 2503 Eustathio
1166 2445 1197 2503 in
1212 2446 1331 2506 scholiis

157 2533 324 2594 Homericis
343 2533 472 2592 adhibiti
490 2526 696 2609 indagentur',
714 2538 802 2594 vasta
815 2533 869 2593 illa
882 2533 1163 2593 commentariorum
1180 2535 1259 2594 mole
1272 2555 1332 2595 non

159 2623 321 2682 deterritus
349 2623 387 2681 ad
411 2625 476 2681 cani
504 2622 708 2698 quaestionem
735 2623 846 2682 accessi
873 2622 1005 2698 mihique
1032 2622 1170 2698 contigit,
1199 2626 1232 2682 ut
1259 2626 1332 2684 ordo

157 2711 437 2771 commentationem
447 2730 542 2770 meam
557 2711 691 2787 praemio
701 2712 863 2770 constituto
874 2713 1002 2772 ornaret.
1026 2730 1153 2787 quorum
1164 2712 1330 2772 studiorum

160 2800 310 2876 specimen
328 2800 405 2859 hanc
423 2800 665 2860 dissertationem
684 2791 751 2860 esse
769 2800 858 2860 volui.
1240 2793 1242 2800 ’

246 2889 328 2959 Quae
348 2889 445 2947 adhuc
458 2889 515 2948 viri
534 2889 613 2949 docti
631 2889 663 2948 in
680 2889 736 2948 hoc
750 2889 916 2949 studiorum
932 2908 1035 2964 campo
1051 2890 1276 2968 praestiterunt,
1296 2899 1334 2952 ea

133 3031 136 3036 .
157 2981 193 3037 ut
208 2980 416 3054 perscrutarer
434 2996 550 3036 omnem
570 2977 639 3037 dedi
656 2997 788 3053 operam.
818 2997 920 3038 omnes
939 2980 1041 3036 autem
1056 2979 1203 3054 quotquot
1222 2981 1257 3039 de
1273 2981 1331 3039 Eu·

41 3088 46 3098 ·
157 3067 250 3127 stathi
279 3067 451 3127 auctoribus
480 3067 676 3142 scripserunt,
705 3087 740 3125 ex
768 3067 877 3143 quibus
905 3067 1024 3126 nomino
1048 3067 1297 3132 Valckenaerium
1306 3063 1330 3147 ¹)

157 3155 317 3215 Lehrsium
331 3156 499 3214 Nauckium
513 3155 660 3215 Meierum
674 3155 950 3215 Reifferscheidium
964 3156 1118 3216 Naberum
1132 3149 1331 3239 Lentziuml),

230 3326 249 3394 ¹)
269 3326 412 3380 Summam
426 3325 612 3380 Valckenacri
626 3325 823 3394 disputationis
837 3326 951 3395 (Opusc.
965 3325 1064 3395 philol.
1079 3325 1092 3378 Ι
1106 3332 1158 3380 337
1173 3328 1229 3396 ss),
1244 3344 1329 3396 quam

155 3413 205 3466 pro
224 3397 407 3452 fundamento
427 3396 551 3452 omnium
569 3397 605 3450 de
624 3396 772 3451 Eustathio
791 3396 985 3465 quaestionum
1003 3395 1162 3451 habendam
1181 3413 1242 3452 esse
1256 3399 1329 3453 arbi-

154 3475 225 3536 tror,
249 3469 304 3522 huc
327 3467 458 3539 apposui:
493 3468 676 3522 ‘Perlustrato
699 3467 790 3522 indice
814 3469 959 3522 auctorum
982 3485 1051 3536 quos
1076 3467 1241 3523 Eustathius
1259 3469 1329 3524 citat

155 3539 335 3594 Hudsoniano
359 3543 414 3608 (ap.
439 3539 546 3594 Fabric.
570 3536 642 3593 Bibl.
666 3539 713 3594 Gr.
738 3540 750 3593 Ι
772 3543 836 3607 306)
862 3538 985 3594 mirabar
1007 3539 1118 3594 sacculo
1141 3539 1194 3592 XII
1217 3543 1328 3596 tantum

153 3612 289 3666 bonarum
307 3627 400 3664 rerum
419 3608 588 3680 superfuisse
608 3651 613 3662 .
631 3653 636 3664 .
654 3651 659 3663 .
677 3610 793 3664 tandem
812 3609 951 3664 credidis
970 3610 1095 3664 centenis
1114 3627 1231 3678 quorum
1250 3612 1326 3667 testi·

154 3682 255 3737 moniis
274 3681 363 3736 utitur
380 3681 483 3751 legisse
501 3678 686 3750 paucissimos
700 3683 730 3735 et
742 3683 854 3750 practer
872 3681 1119 3751 grammaticorum
1138 3681 1243 3752 scripta
1256 3683 1328 3738 nihil

153 3753 232 3821 adeo,
250 3752 327 3822 quod
345 3751 381 3807 ad
399 3769 523 3808 noanon
541 3751 707 3821 pervenerit.
742 3793 793 3808 ...
812 3751 861 3821 qui
883 3755 928 3807 tot
952 3752 1073 3807 comicos
1091 3752 1240 3822 plerosque
1260 3755 1329 3810 satis

153 3825 314 3893 frequenter
327 3823 434 3892 laudat,
453 3822 560 3878 nullam
574 3824 669 3878 tamen
682 3821 791 3892 legerat
806 3823 979 3878 comoediam
993 3823 1051 3878 sive
1065 3823 1241 3894 tragoediam
1256 3843 1328 3895 quae

152 3895 276 3965 perierit.
301 3937 352 3950 ...
371 3894 540 3949 comicorum
559 3894 676 3949 istorum
695 3895 782 3949 verba
802 3895 938 3964 pleraque
961 3893 1111 3964 descripsit
1128 3910 1162 3949 ex
1181 3896 1326 3952 Athenaeo

153 4011 158 4020 .
177 4009 183 4020 .
199 3965 346 4038 ,diligens
360 3963 495 4021 Herodoti
514 3965 604 4020 lector
617 3965 807 4034 geographica
820 3965 914 4020 hausit
927 3983 942 4020 e
958 3965 1095 4020 Strabone
1110 3968 1139 4020 ct
1152 3982 1168 4020 e
1183 3967 1326 4037 Stephano

152 4037 314 4106 Byzantina.
348 4075 398 4090 ...
418 4035 462 4090 his
481 4036 554 4091 adde
571 4036 689 4106 Apionis
704 4040 733 4091 et
745 4035 882 4092 Herodoti
899 4036 929 4091 in
948 4036 1037 4091 Iliada
1055 4036 1230 4106 aliorumque
1249 4042 1327 4095 vetu-

153 4108 276 4164 stissima
293 4107 322 4162 in
340 4110 489 4176 utrumque
507 4123 609 4178 poema
627 4106 743 4176 scholia,
762 4107 877 4177 copiosa
894 4105 969 4162 Aelii
983 4107 1111 4176 Dionysii
1125 4108 1280 4164 Pausaniae
1298 4111 1328 4165 et

152 4179 273 4236 aliorum
292 4178 401 4247 aliquot
418 4177 516 4247 lenies,
534 4195 738 4248 perpaucorum
756 4178 946 4234 technicorum
961 4177 1127 4234 Heraclidas
1146 4179 1327 4236 Alexandrini

152 4253 182 4305 et
203 4249 357 4306 Herodiani
380 4249 496 4319 scripta:
515 4249 606 4304 fontes
625 4250 742 4306 habebis
760 4249 861 4320 quibus
885 4248 952 4304 solis
976 4249 1061 4320 longe
1079 4249 1230 4304 maximam
1250 4268 1324 4307 com-

152 4320 351 4377 mentariorum
370 4323 479 4390 partem
504 4320 692 4376 derivaverit'.
712 4352 744 4361 —
767 4321 788 4390 2)
806 4321 838 4375 Κ.
858 4321 958 4387 Lehrs,
981 4321 1023 4375 De
1046 4320 1203 4376 Aristarchi
1225 4322 1325 4378 studiis

152 4392 320 4461 Homericis,
344 4393 387 4448 ed.
411 4391 446 4446 II.
470 4390 546 4460 Lips.
572 4397 652 4458 18653
676 4391 813 4462 imprimis
835 4411 861 4462 p.
883 4397 925 4448 33.
945 4398 997 4447 370
1008 4409 1042 4446 ss.
1063 4423 1096 4432 -
1120 4394 1191 4462 Aug.
1216 4394 1325 4464 Nauck,

151 4461 349 4535 Aristophanis
364 4461 491 4533 Byzantii
509 4461 675 4534 fragmenta,
693 4463 772 4520 Halis
788 4468 863 4519 1848.
880 4495 914 4504 —
928 4461 964 4520 M.
980 4462 1014 4518 Η.
1030 4461 1061 4520 Ε.
1076 4462 1172 4531 Meier,
1187 4481 1325 4522 commcn-
