3102 5158
175 282 216 336 De
231 281 419 352 Aristophane
434 280 569 351 Byzantio
584 281 613 336 et
627 281 759 337 Setonio
774 281 937 351 Tranquillo
951 281 1081 337 Eustathi
1095 283 1263 339 auctoribus.
1282 283 1346 347 287
1370 343 1373 350 ,
1409 307 1410 312 ¹

476 479 530 576 ιιι
558 498 832 577 ιιιιιοιιιιιιι
860 505 1049 577 arclano

263 649 445 724 Fragmenta
467 646 678 723 Aristophanis
706 647 895 725 grammatici
918 648 1146 724 diligentissime
1169 649 1292 726 collegit
1313 669 1348 709 ac

173 740 219 798 dis
206 737 322 814 <posuit
343 737 501 812 Augustus
525 737 640 796 Nauck.
645 729 740 817 ⁴)et
768 741 934 797 ceterorum
957 738 1075 813 quidem
1101 756 1225 813 operum
1252 758 1348 814 pauca

172 829 335 903 supersunt
353 826 422 886 test'
414 827 537 902 imonis,
556 825 627 884 de
607 845 644 884 ns
659 845 729 886 vero
743 826 930 886 celeberrimi
944 827 1175 903 grammaticist
1162 827 1254 886 tudiis
1271 848 1347 903 quae

172 918 204 976 in
217 917 321 976 lexeon
336 919 367 974 et
376 916 545 993 glossarum
558 916 857 991 interpretationibus
867 892 1066 977 versabantur
1079 917 1247 975 accuratius
1261 918 1346 977 nobis

172 1006 303 1064 iudicare
318 1004 389 1064 licet
402 1024 457 1080 per
472 1004 673 1063 Eustathium.
705 1005 809 1063 multis
825 1004 898 1064 locis
913 1005 1025 1064 excitat
1037 1005 1115 1063 Eust
1116 1005 1215 1064 athius
1230 1005 1345 1066 Aristo·

172 1094 303 1171 phanem
321 1093 559 1171 grammaticum,
578 1094 715 1169 pluribus
735 1094 825 1152 tacite
843 1093 1009 1169 exscripsit.
1046 1093 1138 1153 nihilo
1157 1113 1228 1154 vero
1251 1095 1347 1158 secius

172 1184 271 1243 omnia
294 1184 357 1242 fere
380 1179 501 1243 λέξεων
523 1181 813 1258 Aristophanearum
840 1183 1011 1260 fragmenta
1038 1183 1238 1268 Eustathianp.
1268 1185 1347 1244 felici

172 1272 341 1332 coniectura
364 1271 486 1348 collegit
508 1271 614 1330 Nauck
636 1272 720 1331 tenui
748 1272 831 1332 nisus
858 1272 1028 1350 fragmento
1052 1271 1200 1350 Parisino,
1228 1272 1347 1347 quode

170 1361 270 1421 codice
283 1360 380 1437 Regio
397 1362 482 1420 1630
496 1359 611 1435 primns
626 1361 719 1420 edidit
732 1361 916 1427 Boissonade
929 1364 999 1436 post
1012 1360 1108 1435 Epim.
1119 1360 1229 1421 Herod.
1242 1381 1271 1436 p.
1282 1364 1345 1422 283

171 1444 291 1530 (Nauck
310 1471 338 1525 p.
355 1441 420 1529 79).
454 1449 506 1508 scd
525 1450 636 1509 erravit
650 1450 755 1508 Nauck
771 1451 808 1508 de
821 1451 904 1509 fonte
918 1449 1147 1509 audehauserit
1160 1450 1345 1524 Eustathius,

136 1560 239 1612 ficum
258 1538 463 1599 contenderet:
490 1531 566 1597 ‘alia
585 1557 621 1597 ex
639 1539 795 1598 Athenaeo
814 1539 1000 1615 deprompsit
1017 1539 1078 1597 alia
1096 1557 1189 1615 caque
1207 1540 1347 1617 graviora

172 1649 207 1688 ex
228 1627 346 1688 scholiis
361 1627 541 1705 Homericis:
560 1628 720 1704 quodcum
738 1628 819 1686 baud
837 1627 940 1704 paucis
957 1629 989 1686 in
1007 1628 1079 1687 locis
1095 1626 1185 1687 etiam
1199 1647 1277 1687 nunc
1295 1629 1344 1688 de·

170 1718 332 1777 monstrari
350 1717 445 1794 possit
464 1709 514 1796 (cf.
533 1717 618 1776 Hust.
636 1736 664 1792 p.
686 1721 758 1793 711,
779 1718 867 1777 29ιι,
881 1716 918 1775 V.
937 1718 1010 1777 item
1029 1717 1065 1776 ιι.
1079 1716 1161 1776 VIII.
1181 1717 1257 1775 LIX.
1276 1717 1346 1776 LXI

170 1800 274 1886 all.)⁵)‚
295 1807 331 1864 de
351 1805 458 1866 ceteris
477 1806 599 1866 indubia
615 1805 842 1866 ratiocinatione
861 1799 1027 1882 colligitur’
1048 1799 1091 1884 (p.
1108 1809 1148 1868 79
1164 1799 1250 1886 not).
1269 1826 1345 1882 quae

170 1896 269 1972 opinio
289 1915 355 1955 cum
374 1914 434 1955 non
453 1895 646 1955 confirmatur
665 1895 784 1955 scholiis
803 1894 978 1970 Homericis,
1002 1895 1067 1969 tum
1086 1896 1219 1956 refutata
1238 1899 1284 1954 est
1302 1894 1345 1954 in-

171 1988 259 2044 vento
278 2003 374 2060 nuper
392 1984 423 2043 in
442 1983 524 2042 Atho
544 1987 644 2044 monte
664 1985 771 2059 codice,
791 1983 843 2042 ubi
861 1983 925 2044 fere
944 1979 1063 2043 exstant
1080 2003 1156 2059 quae
1178 1985 1261 2059 prius
1281 1987 1345 2044 tan-

169 2078 234 2133 tum
253 2093 289 2134 ex
307 2073 467 2133 Eustathio
486 2075 572 2132 erant
591 2073 719 2149 cognita.
752 2074 813 2156 iam
832 2072 978 2149 excerptis
997 2092 1073 2149 quae
1093 2091 1129 2131 ex
1147 2073 1224 2148 libro
1243 2072 1344 2133 Athoo

165 2161 264 2223 'scidit
272 2163 450 2222 Emmanuel
460 2161 561 2221 Miller
570 2165 688 2222 constat
696 2157 889 2221 Eustathinm
901 2163 938 2221 ad
948 2163 1053 2221 manus
1068 2161 1210 2221 habuisse
1225 2159 1345 2222 λέξεων

169 2251 457 2327 Aristophanearnm
476 2253 628 2327 exemplar
646 2251 694 2310 uel
714 2243 808 2332 (quod
825 2251 923 2327 magis
942 2241 1044 2331 credo)
1065 2255 1212 2326 excerpta.

257 2340 413 2401 Statuerat
432 2340 537 2399 Nauck
557 2337 676 2400 λέξεων
694 2339 765 2400 libri
783 2340 996 2415 Aristophanei
1015 2341 1115 2416 capita
1134 2358 1197 2400 sex:
1224 2344 1251 2400 1.
1271 2337 1344 2414 περὶ

42 2491 47 2502 ,
167 2425 339 2504 ὀνομαςίας
362 2426 501 2503 ἡλικιῶν.
535 2433 563 2488 2.
587 2426 660 2502 περὶ
675 2427 868 2501 ςυγγενικῶν
883 2423 1062 2504 ὀνομάτων.
1097 2431 1126 2488 3.
1150 2425 1223 2502 περὶ
1246 2446 1342 2503 προς·

169 2516 355 2594 φωνήςεων.
394 2521 423 2577 4.
447 2513 520 2591 περὶ
545 2516 759 2594 βλαςφημιῶν,
798 2509 985 2578 5.”Αττικα“ι
1008 2514 1116 2579 λέξεις.
1151 2520 1179 2577 6.
1203 2514 1342 2578 Λακωνι-

168 2605 219 2668 καὶ
241 2607 386 2679 γλῶςςαιξ
423 2626 550 2682 quorum
572 2607 630 2667 duo
653 2607 754 2682 priora
775 2606 808 2666 in
830 2606 929 2666 codice
953 2607 1053 2667 Athoo
1073 2609 1203 2680 exstant,
1227 2607 1345 2684 reliqua
1458 2677 1461 2684 Ι

167 2696 289 2770 dosunt,
311 2695 409 2778 capita
427 2695 492 2755 dico
516 2693 589 2769 περὶ
612 2693 885 2771 προςφωνήςεων,
909 2689 1043 2756 Ἀττικαὶ
1067 2693 1178 2768 λέξεις,
1202 2692 1342 2756 Λακωνι-

167 2783 218 2845 καὶ
246 2785 396 2858 abrincam
425 2803 495 2845 nam
522 2789 613 2861 caput
640 2781 713 2858 περὶ
741 2783 947 2861 βλαςφημιῶν
975 2785 1169 2860 Aristophani
1198 2784 1343 2862 Bynantio

167 2874 396 2934 abiudicandum
411 2877 458 2933 est
471 2868 522 2952 (ef.
536 2874 695 2934 Fresenius
709 2895 738 2950 p.
754 2877 794 2935 72
807 2866 894 2954 sqq.).
927 2894 1037 2934 novum
1051 2893 1122 2934 vero
1137 2878 1228 2949 caput
1241 2893 1277 2934 ex
1291 2875 1343 2935 illo

167 2964 265 3024 codice
284 2965 415 3023 innotuit
433 2959 505 3036 περὶ
520 2962 585 3023 τῶν
600 2959 874 3036 ὑποπτευομένων
893 2961 933 3038 μὴ
954 2958 1092 3038 εἰρῆςθαι
1110 2963 1178 3022 τοῖς
1193 2963 1342 3024 παλαιοῖς
1405 2961 1407 2966 ’

167 3053 351 3129 inscriptum.
389 3052 472 3112 ouius
497 3053 602 3128 capitis
626 3052 744 3129 glossae
767 3052 847 3128 apud
865 3052 1060 3112 Eustathium
1083 3072 1150 3112 cum
1175 3052 1233 3112 alio
1252 3053 1341 3112 titulo

167 3143 295 3202 exstant.
332 3141 440 3201 codicis
459 3140 552 3200 Athoi
571 3141 740 3201 simillimus
765 3161 800 3200 ex
824 3141 986 3218 eodemque
1009 3142 1173 3218 archetypo
1196 3141 1341 3202 deductus

167 3234 214 3291 est
237 3231 300 3291 cod.
322 3230 541 3290 Laurentianus
565 3231 640 3306 plut.
663 3230 771 3289 LXXX
793 3232 848 3309 13,
873 3250 962 3306 quem
985 3231 1143 3305 descripsit
1170 3229 1342 3290 I'resenius:

166 3321 263 3380 sedis
282 3321 373 3380 codex
392 3339 485 3378 unum
508 3322 627 3379 tantum
650 3323 740 3395 caput
761 3319 1014 3394 Aristophaneum
1037 3312 1125 3400 (περὶ
1148 3318 1341 3391 ςυγγενιιιῶν

166 3402 351 3490 ὀνομάτων)
375 3409 503 3469 exhibet.
536 3427 663 3485 quorum
678 3409 811 3469 codicum
824 3408 933 3468 notitia
951 3408 1018 3468 ideo
1036 3408 1164 3467 maxime
1183 3408 1267 3467 utilis
1287 3412 1341 3483 est,

239 3615 259 3683 ⁴)
284 3616 355 3683 Περὶ
379 3614 484 3680 αἰγίδος
507 3614 707 3669 commentatio
734 3614 889 3684 (Nauckp.
909 3617 973 3684 271)
997 3613 1118 3683 abipso
1141 3613 1269 3668 Nauckio
1293 3615 1340 3668 ad-

166 3686 297 3740 dubitata
315 3685 498 3754 Aristophani
516 3684 705 3740 abiudicanda
723 3688 774 3739 est
806 3704 872 3769 nam
890 3702 963 3756 quae
982 3701 1016 3740 ex
1028 3684 1223 3768 Aristophane
1242 3685 1340 3741 Eusta-

166 3756 244 3813 thius
263 3775 289 3826 p.
310 3764 371 3823 603,
390 3763 424 3812 28
444 3773 503 3811 sese
522 3757 646 3826 prolerre
665 3756 790 3824 simulat,
805 3773 839 3812 ea
855 3757 885 3811 in
899 3755 1091 3826 Porphyriano
1110 3755 1218 3811 scholio
1236 3755 1341 3811 codicis

167 3828 269 3883 Veneti
288 3828 310 3882 B
328 3800 377 3898 (ad
397 3829 417 3881 B
437 3829 499 3896 787)
519 3846 592 3882 ιιιιιιο
610 3827 750 3898 leguntur.
778 3845 829 3898 pro
848 3827 998 3884 Aristotele
1017 3844 1034 3882 a
1052 3826 1206 3897 Porphyrio
1224 3827 1341 3883 laudato

165 3899 622 4038 lliliibihiki'illwl'dvl‘s
639 3897 1339 4040 tittstati..t⁰tf¹tls¹Q.t..l⁶l..ttl

166 4047 231 4107 150,
252 4047 284 4097 17
304 4041 367 4096 οοιι.
387 4042 472 4096 schol.
491 4043 517 4095 A
537 4045 612 4110 567),
635 4041 746 4110 reliqua
768 4041 876 4096 scholia
899 4057 916 4095 a
938 4040 1065 4097 Nauckio
1089 4040 1187 4095 laudat
1175 4044 1206 4095 ta
1229 4058 1262 4094 cx
1286 4041 1340 4096 Ειι-

165 4083 271 4169 stathio
290 4113 432 4182 descripta
451 4115 528 4168 sunt:
548 4085 634 4169 schol.
653 4113 675 4167 L
695 4113 732 4168 ad
750 4113 773 4166 Ε
792 4119 844 4168 266
863 4128 897 4166 ex
915 4112 992 4167 Euat.
1011 4131 1038 4182 p.
1058 4117 1118 4178 546,
1138 4118 1171 4165 27
1191 4112 1235 4180 (ιι.
1255 4112 1340 4180 LXI);

166 4185 255 4240 Cram.
275 4184 328 4238 An.
347 4183 410 4238 Par.
429 4184 468 4237 III
488 4191 539 4239 879
559 4201 593 4238 ex
611 4183 688 4238 Euat.
707 4202 735 4253 p.
755 4190 819 4252 711,
839 4189 872 4238 19
896 4183 940 4251 (ιι,
959 4183 1009 4252 V);
1034 4183 1124 4238 Cram.
1149 4182 1200 4236 An.
1220 4183 1281 4237 Par.
1301 4185 1340 4237 ΙΙΙ

165 4262 216 4310 221
237 4272 271 4310 ex
289 4255 404 4324 Eustp
407 4260 493 4323 ,648
512 4261 546 4310 53
566 4255 608 4326 (ιι,
628 4254 712 4323 VIII).
748 4254 824 4309 idem
842 4254 919 4310 valet
942 4253 977 4308 de
996 4253 1097 4309 ceteris
1116 4269 1188 4322 quae
1206 4253 1261 4308 huo
1279 4271 1339 4324 per·

164 4326 257 4382 tinent
279 4273 404 4382 scholiisp
417 4327 446 4379 et
470 4325 660 4395 Lipsiensibus
679 4329 709 4382 ct
726 4343 744 4381 a
762 4326 927 4381 Cramerol.
946 4325 965 4381 l
985 4324 1076 4379 editis.
1099 4341 1165 4379 nam
1188 4324 1340 4380 scholiasta

164 4399 241 4468 Lips
264 4401 294 4453 et
316 4397 466 4468 scriptores
489 4398 616 4452 codicum
635 4397 722 4455 Paris.
747 4404 814 4454 2681
835 4396 935 4466 (Crem.
954 4415 981 4466 p.
999 4397 1118 4479 80-06)
1140 4399 1266 4466 27670).
1288 4403 1338 4452 179

165 4471 265 4540 -246)
289 4474 359 4526 3058
383 4469 420 4540 (p.
441 4474 531 4524 371-
500 4471 602 4539 -389)
625 4470 716 4526 multa
738 4486 772 4526 cx
794 4468 925 4526 australi
944 4468 1032 4539 copIIs
1050 4467 1266 4538 descripserunt.
1303 4469 1338 4524 lc.
