3102 5158
215 259 280 324 286
686 251 922 328 Leopold'Cohn:

216 449 275 489 non
293 429 352 488 nisi
371 428 443 488 data
461 427 614 488 occasione
633 426 826 486 Bustathium
845 429 1022 505 attigerunt,
1041 430 1180 488 universe
1198 430 1229 488 in
1247 430 1389 490 Eustathi

217 519 314 579 166166
333 519 430 578 adhuc
448 536 534 576 nemo
561 515 724 593 inquisivit.
762 535 831 576 nam
855 535 931 592 quae
949 517 995 577 La
1013 517 1112 580 Roche
1130 518 1207 579 libro
1232 519 1310 592 „Die
1328 519 1387 577 Ho-
1486 523 1490 532 “

217 608 361 667 merische
377 605 546 667 Texthritik
560 606 601 664 im
615 601 811 666 Alterthum“
830 605 974 682 inscripto
993 607 1030 666 de
1046 608 1205 667 Bustathio
1224 600 1390 684 disputarit

218 690 260 776 (p.
282 687 481 776 151-174),
501 685 536 754 ea
554 694 666 755 nemini
684 694 864 754 satisfecisse
883 687 1034 777 confid0.⁸)

305 785 348 845 Ut
371 785 407 844 de
429 785 546 844 ratione
570 786 601 844 et
617 784 672 862 ,via
690 803 785 860 pauca
803 784 913 859 dicam,
937 804 997 861 qua
1015 803 1088 866 usus
1109 786 1166 844 sim
1185 786 1222 844 ad
1240 805 1304 845 rem
1322 806 1388 861 pro·

217 875 345 952 positam
359 871 443 933 iuste'
456 873 676 950 perficiendam,
694 873 837 933 Bustathi
851 875 1078 935 commentarios
1092 893 1160 935 cum
1178 875 1390 950 superstitibus

216 965 301 1024 libris
320 963 522 1039 grammaticis
541 963 642 1022 lexicis
662 961 782 1022 scholiis
801 964 970 1038 comparavi
994 964 1122 1040 indeque
1141 963 1240 1024 omnia
1259 983 1334 1040 quae
1352 965 1390 1024 61
1456 1041 1459 1047 ἡ

218 1053 362 1120 Eustathi
381 1055 517 1112 auctores
536 1051 761 1129 investigandos
776 1051 976 1111 emendandos
996 1053 1175 1129 supplendos
1194 1053 1306 1128 aliquid
1326 1072 1391 1113 con·

217 1145 296 1203 ferre
313 1141 386 1202 mihi
404 1141 585 1200 videbantur
603 1141 734 1200 adhibui.
770 1140 872 1216 itaque
896 1141 922 1200 si
946 1160 1023 1218 qnae
1046 1142 1077 1200 in
1097 1143 1144 1201 his
1167 1139 1390 1217 quaestionibus

219 1230 381 1309 attigerim,
400 1249 478 1307 quae
495 1229 614 1306 proprie
629 1228 666 1289 ad
680 1229 874 1290 Bustathium
887 1231 1036 1306 pertinere
1051 1249 1111 1290 non
1124 1231 1292 1309 videantur,
1310 1231 1391 1293 uiros

221 1322 322 1380 doctos
341 1338 401 1379 non
419 1312 627 1396 indignaturos
648 1317 773 1394 spero.'
814 1346 816 1349 ’
1085 1331 1087 1336 ·

307 1408 528 1484 Distinguenda
546 1410 617 1467 sunt
631 1401 779 1467 Bustathi'
792 1409 947 1468 auctorum
965 1428 1077 1487 genera
1095 1412 1246 1487 quattuor,
1265 1428 1401 1486 quorum·

218 1499 314 1576 primo
334 1499 446 1560 scholia
464 1497 623 1557 Homerica
642 1497 841 1574 continentur,
859 1497 955 1559 altero
975 1497 1164 1575 grammatici
1185 1499 1236 1574 qui
1253 1498 1393 1558 dicuntur

208 1587 345 1648 ·technici
360 1581 549 1668 (Heraclides
564 1586 753 1646 Herodianus
768 1582 1019 1666 Choeroboscus),
1034 1588 1124 1647 tertio
1140 1587 1300 1662 scriptores
1320 1588 1392 1663 lexi-

219 1697 318 1738 corum
344 1680 375 1736 et
398 1676 524 1756 similes,
547 1677 653 1752 quarto
675 1676 784 1752 reliqui
811 1676 972 1751 scriptores
992 1670 1180 1754 (Athenaeus
1200 1675 1307 1737 Strabo
1327 1676 1393 1737 Ste-

219 1768 336 1842 phanus
355 1765 519 1842 Byzantius
538 1764 685 1824 Arrianus
704 1765 847 1824 Aelianus
867 1757 941 1844 6111).
978 1765 1102 1824 tertium
1124 1783 1233 1842 genus,
1257 1768 1291 1824 ut
1314 1765 1393 1842 quod

219 1858 309 1932 longe
323 1855 518 1914 utilissimum
533 1853 581 1928 sit,
597 1853 675 1930 elegi
689 1854 769 1928 quod
782 1853 912 1929 primum
927 1854 1094 1914 accuratius
1107 1855 1278 1914 tractarem.
1304 1856 1395 1930 perti·

219 1947 293 2006 nent
306 1945 345 2003 ad
362 1945 419 2004 hcc
432 1943 559 2004 fontium
573 1961 668 2019 genus
684 1943 894 2018 Aristophanis
908 1943 1036 2020 Byzanti
1049 1944 1154 2003 lexecn
1168 1943 1252 2017 liber,
1271 1943 1394 2004 Suetoni

220 2034 388 2110 Tranquilli
405 2033 475 2093 libri
494 2032 683 2109 grammatici
701 2032 733 2090 et
750 2031 924 2108 antiquarii,
943 2032 1012 2091 Aeli
1031 2031 1159 2110 Dionysi
1178 2034 1210 2091 61
1227 2033 1395 2093 Pausaniae

220 2122 407 2198 aliorumque
435 2121 530 2182 lexica
556 2120 717 2194 rhetorica,
746 2121 862 2181 Brenni
886 2121 1021 2182 Philonis
1050 2122 1127 2181 liber
1155 2121 1192 2181 de
1221 2121 1395 2183 differentiis

220 2212 388 2274 verborum.
417 2215 507 2287 atque
521 2211 577 2270 hae
587 2210 707 2287 quidem
721 2211 970 2270 commentatione
984 2210 1021 2270 de
1035 2211 1237 2286 Aristophane
1248 2211 1395 2288 Byzantio

221 2305 252 2361 61
271 2300 307 2358 16
327 2300 468 2360 Suetonio
483 2299 623 2360 disserui:
643 2318 718 2375 quos
731 2319 810 2358 nunc
824 2319 891 2359 cum
905 2300 1033 2359 maxime
1050 2299 1121 2359 licet
1135 2299 1242 2358 melius
1257 2303 1395 2377 tractare,
1479 2301 1482 2306 ’

221 2393 381 2467 postquam
405 2389 514 2448 Milleri
537 2389 685 2470 industria
708 2390 848 2464 excerpta
870 2389 1015 2465 quaedam
1033 2387 1255 2464 Aristophanae
1277 2387 1395 2448 61866-

221 2479 377 2539 16616666
397 2477 529 2538 tenebris
548 2477 722 2555 Byzantinis
741 2478 773 2536 in
791 2478 886 2538 lucem
905 2479 1024 2554 prolata
1043 2480 1113 2537 6661
1132 2471 1180 2556 (B.
1199 2477 1310 2552 Miller,
1334 2478 1395 2537 Mc-

222 2569 327 2644 langes
342 2567 379 2627 de
392 2567 563 2627 litterature
577 2584 715 2644 grecque.
740 2567 825 2626 Paris
842 2559 951 2648 1868),
965 2566 1073 2643 quibus
1088 2566 1125 2625 de
1140 2568 1286 2643 excerptis
1300 2587 1396 2643 nuper

223 2657 390 2732 disputavit
407 2656 486 2734 Aug.
504 2655 664 2716 Fresenius
683 2648 736 2736 (de
755 2653 875 2718 λέξεων
889 2655 1179 2732 Aristophanearum
1194 2659 1225 2716 et
1240 2655 1396 2718 Suetoniu-

222 2765 329 2805 narum
349 2746 495 2822 excerptis
513 2745 697 2822 Byzantinis.
724 2745 821 2821 Aquis
841 2746 989 2806 Mattiacis
1011 2737 1120 2826 1875).

222 2952 338 3008 tationis
361 2950 539 3006 Andocideae
562 2951 658 3005 sextae
681 2950 837 3020 particulae
855 2951 982 3006 lv-xu
1001 2951 1061 3007 sive
1079 2953 1113 3007 de
1136 2951 1233 3008 lexicis
1251 2948 1397 3006 rhetoricis

224 3025 253 3079 in
264 3023 364 3094 Opusc.
380 3021 457 3077 acad.
470 3021 497 3075 II
512 3027 635 3076 6266-
645 3021 718 3118 Aug.
733 3021 945 3091 Reifferscheid,
960 3022 1077 3079 Suetoni
1091 3021 1248 3092 Tranquilli
1261 3021 1397 3090 reliquiae

149 3099 152 3106 ’
224 3115 249 3164 p.
270 3101 331 3148 273.
350 3097 553 3150 3224514152
573 3111 599 3162 p.
619 3093 711 3146 xvln
726 3111 762 3148 ss.
777 3125 811 3133 -
827 3093 853 3149 S.
865 3096 897 3150 A.
908 3094 1010 3162 Nabar,
1029 3093 1233 3165 Prolegomena
1250 3094 1287 3148 ad
1304 3092 1398 3149 Photii

211 3164 341 3232 ·lexicon‚
359 3164 461 3218 Leidae
480 3168 557 3219 1864,
578 3195 611 3202 -
630 3161 702 3233 Aug.
721 3165 816 3233 Lentz,
835 3164 989 3219 Herodiani
1008 3165 1141 3221 Technici
1158 3164 1302 3234 reliquiae,
1321 3164 1397 3235 Lips.

226 3241 408 3293 laer-1870.
425 3267 458 3274 -
481 3235 501 3304 ³)
517 3235 578 3300 Qua
591 3234 700 3290 ratione
714 3235 756 3289 La
769 3235 864 3292 Roche
879 3253 938 3290 rem
953 3236 1124 3306 tractaverit,
1139 3237 1249 3305 aliquot
1262 3236 1398 3307 exemplis

224 3309 415 3364 demonstrare
440 3305 533 3361 liceat.
572 3305 751 3376 Stephanum
768 3307 934 3376 Byzantium
956 3307 1031 3362 inter
1053 3307 1186 3364 Bustathi
1210 3309 1338 3364 auctores
1362 3307 1398 3364 ab

225 3397 258 3435 66
276 3396 333 3434 666
351 3376 490 3432 nominari
507 3377 567 3432 iure
586 3376 703 3432 miratus
722 3380 766 3433 est
782 3377 868 3434 Lentz
889 3378 918 3448 (l.
937 3378 956 3434 l.
975 3378 988 3431 I
1006 3397 1033 3448 p.
1054 3379 1169 3448 CCXV).
1207 3379 1255 3436 sed
1278 3379 1328 3434 ille
1347 3397 1399 3434 666

224 3450 438 3520 Aristophanem
457 3448 522 3518 Byz.
541 3465 592 3504 666
612 3449 776 3504 Suetonium
802 3451 836 3506 ab
860 3449 1009 3506 Eustatbio
1028 3450 1186 3506 adhibitum
1205 3467 1265 3506 esse
1284 3450 1398 3505 audivit.

224 3520 487 3649 1111111111
505 3520 671 3661 1111111
689 3521 1334 3662 11111113111111111111111
1346 3521 1402 3648 tt·

226 3663 324 3718 Aelius
348 3662 499 3732 Dionysius
523 3662 616 3718 citiert
633 3663 711 3720 Euat.
731 3682 757 3734 p.
778 3669 840 3729 228,
855 3670 888 3720 38
912 3665 1002 3719 nunc
1020 3667 1164 3720 Διονύαο(
1187 3665 1217 3718 ἐν
1240 3664 1282 3718 61(
1299 3665 1401 3732 γράφει

225 3736 295 3803 πρὸ(
313 3735 473 3800 (uopvov’.
496 3733 615 3789 ridicule
633 3737 727 3790 autem
751 3734 785 3789 16
808 3735 946 3806 dignitate
970 3735 1033 3790 Aeli
1056 3733 1173 3805 Dionysi
1196 3736 1225 3789 61
1247 3735 1402 3790 Pausaniae

227 3805 267 3862 sic
276 3804 396 3860 iudicat:
416 3804 1282 3875 ,86116861611161611666161816666111666661663666166166
1291 3807 1404 3878 Banges

229 3877 286 3931 und
304 3876 359 3931 den
373 3875 536 3932 erhaltenen
550 3876 737 3946 Fragmenten
750 3877 823 3932 nach
837 3895 870 3930 zu
884 3876 1035 3932 schliessen
1048 3877 1141 3932 nicbts
1155 3877 1252 3932 weiter
1265 3878 1307 3933 als
1322 3878 1402 3937 (lom-

229 3947 379 4018 pilatoren,
398 3947 450 4001 wie
469 3947 676 4003 Choerobcscus
694 3948 762 4003 oder
780 3949 954 4018 Theognost,
978 3948 1067 4003 denen
1091 3948 1131 4002 sie
1157 3949 1224 4004 aber
1242 3967 1279 4004 an
1295 3951 1401 4006 Β6166-

230 4022 303 4089 tung
321 4019 389 4072 weit
405 4019 602 4074 nachstehen“.
630 4019 659 4073 in
678 4019 838 4073 universum
857 4021 891 4074 de
904 4019 1035 4074 Bustathi
1053 4018 1177 4074 fontibus
1195 4020 1295 4075 miram
1315 4021 1402 4091 opini-

231 4107 313 4146 onem
332 4089 405 4144 banc
424 4089 524 4144 statuit
542 4092 578 4159 (p.
601 4092 674 4158 112)ι
695 4089 766 4158 „Mit
782 4090 943 4145 Ausnahme
958 4090 1007 4145 der
1020 4089 1245 4161 Hypomnemata
1263 4093 1311 4146 des
1330 4091 1401 4160 Apio

229 4161 287 4216 und
306 4160 433 4215 Herodor
451 4161 501 4216 hat
519 4160 597 4217 Euat.
616 4160 698 4216 keine
716 4161 868 4231 irgendwic
886 4160 1061 4218 bedeutande
1079 4161 1185 4218 Schrift
1207 4163 1333 4229 bendtzt,
1356 4161 1402 4216 116

230 4232 281 4286 wir
298 4233 466 4303 hentzutage
484 4230 564 4287 nicht
581 4232 661 4288 mehr
679 4231 827 4288 besitzen“.
