3102 5158
209 243 275 308 302
674 239 800 311 Leopold
818 239 909 295 Cohnr

210 415 242 472 et
259 412 390 472 Polluce.
426 411 632 488 fragmentum
656 408 745 468 huius
769 408 980 485 disputationis
1000 407 1140 469 exhibere
1159 409 1277 468 videtur
1296 409 1383 469 Eust.

210 523 239 578 p.
260 502 359 575 1164,
380 502 422 560 20
445 493 771 575 ὑποκοριετικώτερον
799 495 835 558 δέ
860 492 1024 558 παιδίεκοο
1047 493 1085 557 τὸ
1109 491 1383 578 παιδι(κάριον.4θ)

211 588 291 666 θῆλυ
311 585 346 649 δέ
366 583 490 650 ἐκείνου
509 583 528 662 ἡ
549 582 707 662 παιδίεκη,
731 581 775 647 ὠ(
795 583 846 647 καὶ
864 587 922 648 τοῦ
941 581 1138 662 μειρακίεκου
1157 583 1176 661 ἡ
1197 582 1384 662 μειρακίεκη.

210 680 247 740 ol.
267 679 320 739 Ar.
334 679 409 739 Rau.
423 679 497 740 403.
515 677 595 738 Plut.
616 678 689 738 963.
711 707 748 718 -
775 670 884 752 κόριον
907 670 1056 752 κοράτιον
1075 669 1200 750 κορίτκη
1219 676 1284 736 sine
1302 676 1384 735 diffe-

210 768 309 828 rentia
332 768 364 826 in
385 767 417 826 M
445 769 651 839 recensentur,
679 765 787 826 Pollux
809 759 958 839 κορόιειον
983 759 1030 844 (et
1052 757 1207 846 καρίδιον)
1235 765 1386 841 improbat

211 877 279 918 oum
297 855 461 918 Atticistis:
485 856 522 917 ef.
546 855 660 931 Phryn.
683 855 744 915 Eol
763 876 792 930 p.
813 857 854 914 73
880 849 990 930 κόριον
1013 851 1033 930 ἢ
1052 849 1192 928 καρίδιον
1215 851 1234 929 ἣ
1258 849 1384 929 κορί(κη

213 944 350 1020 λέγουει,
369 941 407 1005 τὸ
426 941 462 1006 δὲ
482 939 630 1019 κοράτιον
650 938 849 1018 παράλογον.
880 943 968 1005 Phot.
986 937 1217 1017 παιδιεκάριον·
1236 938 1386 1019 κοραίτιον
1412 941 1414 946 ”

213 1033 249 1096 δὲ
269 1030 308 1095 οὐ
330 1031 467 1109 λέγεται,
485 1028 568 1094 ἀλλὰ
587 1027 637 1093 καὶ
656 1029 864 1112 κεκωμῴδηκε
879 1027 1069 1107 Φιλιππίδη(
1088 1026 1132 1092 ὠ(
1146 1027 1270 1094 ξενικόν
1283 1027 1386 1112 (Mein.

214 1124 296 1186 Com.
314 1123 359 1182 IV
379 1125 419 1184 47
425 1121 469 1205 7).
505 1123 609 1183 itidem
631 1123 756 1200 propter
775 1116 892 1197 ἀφῆλιξ
915 1122 1052 1182 vocabuli
1074 1140 1163 1181 usum
1180 1121 1386 1198 Phrynichum

213 1214 358 1274 oomieum
375 1213 531 1296 vituperat
543 1211 731 1288 Phrynichus
750 1209 893 1271 Atticista
910 1211 973 1271 Eel.
987 1231 1015 1286 p.
1030 1213 1072 1272 84
1091 1210 1203 1288 Phryn.
1212 1211 1306 1271 Bekk.
1319 1214 1346 1288 1,
1359 1215 1387 1270 1.

217 1303 253 1364 ef.
267 1303 324 1363 lex.
339 1302 434 1363 Bekk.
449 1303 523 1376 470,
539 1303 578 1360 21
600 1299 682 1360 Suid.
696 1293 951 1376 ἀφηλικέ(τερο(.
971 1333 1012 1342 -
1032 1301 1200 1377 puellarum
1216 1299 1387 1360 nominibus

217 1392 316 1452 neseio
336 1409 375 1450 an
388 1391 558 1452 addendum
577 1390 617 1450 sit
629 1389 808 1449 vocabulum
824 1387 979 1466 παλλακή.
1008 1389 1046 1448 ad
1060 1388 1293 1466 Aristophanem
1307 1388 1387 1448 enim

213 1481 376 1542 referenda
400 1480 539 1540 videntur
562 1497 638 1556 quae
657 1481 761 1539 narrat
778 1479 864 1539 llust.
882 1500 911 1554 p.
932 1480 1009 1552 763,
1029 1481 1070 1538 23
1096 1523 1147 1538 ...
1167 1473 1286 1539 ταύτὸν
1305 1472 1385 1539 πάλ-

215 1570 299 1630 λακα
323 1563 425 1630 εἰπεῖν
453 1564 574 1643 ἡλικία(
597 1561 685 1646 λόγῳ
704 1563 755 1628 καὶ
779 1563 937 1643 βούπαιδα
960 1564 1011 1628 καὶ
1029 1561 1200 1628 ἀντίπαιδα
1223 1563 1274 1628 καὶ
1292 1566 1385 1642 μελλ-

215 1657 354 1735 έφηβον,
373 1654 406 1720 ἐξ
430 1651 469 1719 οὗ
493 1653 531 1732 δὴ
552 1651 717 1717 πάλλακο(
739 1652 758 1731 ἡ
779 1652 934 1718 παλλακί(
949 1702 956 1717 .
972 1705 977 1718 .
993 1702 999 1716 .
1015 1653 1211 1733 (αφέατερον
1231 1653 1387 1717 δὲταῦτα

215 1743 329 1824 φράζει
350 1741 368 1806 ὁ
387 1741 538 1822 γράψα(
560 1740 610 1806 ὅτι
634 1742 827 1807 παλλακαὶ
844 1745 1017 1808 καλοῦνται
1036 1742 1073 1806 τὸ
1091 1743 1150 1822 μέν
1174 1740 1298 1822 ἀκριβὲ(
1320 1745 1387 1805 τών

216 1835 389 1898 παιδιακών
408 1831 441 1896 αἱ
459 1833 537 1910 νέαι,
556 1831 637 1896 καθὰ
656 1829 707 1894 καὶ
729 1833 796 1896 τών
820 1829 966 1911 ἀρρένων
985 1829 1155 1896 πάλλακετ.
1188 1829 1331 1913 [ταύταιε
1350 1831 1387 1894 δέ

215 1919 391 2000 ἡτεώμενοί
409 1941 489 1986 ποτε
509 1919 561 1984 διὰ
574 1921 633 1998 τὴν
652 1919 753 2002 ἀκμὴν
768 1919 799 1984 οἱ
817 1919 968 1986 δετπόται
982 1918 1091 1999 ἀφιᾶτι
1108 1923 1269 1986 καλεῑιθαι
1289 1919 1387 1984 αὐτὰ(

216 2011 311 2089 οὕτω,
331 2008 389 2075 κᾶν
405 2010 512 2089 μηκέτι
530 2009 599 2076 νέαι
615 2007 693 2091 ὠ(ι].
726 2013 834 2073 ultima
851 2013 944 2075 verba
957 2013 1099 2074 Eustathi
1112 2014 1233 2091 ingenio
1247 2013 1388 2074 videntur
1414 2009 1418 2017 '

216 2105 327 2164 deberi.
352 2134 390 2145 —
416 2102 525 2180 μεῖραξ
548 2103 728 2163 vocabulum
751 2102 968 2180 Aristophanes
986 2103 1150 2182 Byzantius
1174 2105 1211 2163 et¹
1228 2102 1264 2162 de
1287 2103 1389 2162 adule-

217 2193 369 2254 scentibus
389 2196 420 2252 et
438 2192 474 2252 de
492 2191 603 2269 puellis
615 2192 806 2253 memoravit:
823 2192 931 2253 Pollux
945 2211 1050 2252 rursus
1066 2191 1223 2252 Attioistas
1243 2192 1387 2270 sequitur,

217 2282 270 2359 qui
288 2276 436 2356 μείρακα(
460 2300 520 2341 non
539 2279 596 2340 diei
619 2281 677 2340 nisi
701 2281 818 2356 puellas
842 2281 959 2342 iubent:
989 2281 1026 2341 ef.
1045 2279 1111 2342 Ael.
1129 2281 1216 2340 Dion.
1236 2299 1283 2358 ap.
1302 2283 1388 2343 Eust.

216 2393 245 2448 p.
262 2374 357 2448 1390,
377 2373 428 2432 52.
453 2371 566 2448 Phryn.
584 2369 646 2430 nel.
661 2390 689 2447 p.
706 2372 778 2430 212.
793 2370 931 2432 Ammon.
950 2391 977 2446 p.
994 2372 1045 2430 93.
1064 2369 1174 2430 Moeris
1189 2372 1263 2446 203,
1280 2373 1329 2430 19.
1345 2403 1387 2413 -

219 2455 402 2536 προπόλιον
420 2460 576 2532 mulierem
596 2462 799 2519 senescentem
823 2459 895 2519 dioit
912 2459 957 2537 Μ,
983 2453 1164 2520 ὑποπόλιον
1183 2460 1282 2519 virum
1305 2479 1388 2520 sene-

219 2553 352 2610 scentem
370 2550 456 2609 Eust
475 2552 506 2609 et
523 2549 568 2626 M;
591 2548 697 2608 Nauck
716 2540 757 2627 (p.
779 2551 819 2607 97
839 2567 868 2609 m
889 2541 945 2629 20)
964 2542 1146 2610 ὑποπόλιον
1165 2552 1339 2626 corruptum
1359 2554 1390 2609 et

219 2633 400 2715 προπόλιον
428 2637 588 2716 legendum
616 2655 687 2698 esse
705 2637 899 2699 existimavit.
944 2638 997 2698 sed
1024 2638 1143 2698 videtur
1170 2637 1389 2715 Aristophanes

219 2726 1388 2804 utramqueformamprobasse:quamsententiamuonfirmatPolluxII12.—

220 2811 444 2892 έεχατόγηρω(
467 2817 504 2876 de
527 2815 703 2876 mulieribus
727 2816 840 2876 dietum
863 2835 898 2876 ex
916 2816 1118 2892 Aristophane
1137 2816 1283 2895 Byzantio
1302 2819 1391 2878 affert

221 2907 312 2968 etiam
327 2907 413 2966 Eust.
427 2927 456 2981 p.
473 2907 567 2980 1784,
583 2907 624 2965 23
640 2949 647 2964 .
663 2949 690 2965 ..
707 2901 759 2966 καὶ
775 2899 859 2967 έετιν
873 2901 976 2966 οὕτω(
991 2900 1167 2981 ὠμογέρων
1182 2901 1200 2965 ὁ
1216 2901 1390 2981 λεγόμενο(

220 2989 399 3070 προπόλιο(
419 2989 472 3074 [οὗ
491 2992 591 3068 πέρα(
605 2989 625 3054 ὁ
639 2993 753 3071 (ὓφαρ,
772 2989 817 3054 ὠ(
836 2991 872 3056 έν
887 2987 998 3056 ἄλλοι(
1015 2987 1264 3075 δεδήλωται]“),
1284 2991 1390 3070 ὥεπερ

220 3080 363 3160 γραὸεὴ
387 3077 610 3159 έεχατόγηρω(
633 3079 713 3144 κατὰ
734 3080 793 3158 τὴν
816 3083 874 3142 τοῦ
902 3083 1118 3159 γραμματικοῦ
1142 3078 1391 3160 Ἀρι(τοφάνου(
1480 3093 1484 3098 ’

221 3167 407 3247 παράοοειν.
445 3166 535 3249 [noc
553 3167 614 3246 γὰρ
634 3166 693 3233 οὐκ
711 3168 810 3248 ἐχρῆν
824 3166 916 3247 ἀνδρὶ
934 3170 992 3248 τὴν
1006 3168 1157 3249 τοιαύτην
1176 3175 1391 3249 προτρηθῆναι

222 3259 307 3323 λέξιν
322 3256 375 3324 διὰ
388 3257 426 3323 τὸ
441 3255 577 3344 ἀορανὲ(
592 3257 643 3322 καὶ
654 3256 900 3339 ου(οιώνι(τον.]
920 3265 1053 3322 extrema
1066 3262 1159 3322 verba
1173 3263 1275 3340 inepta
1284 3263 1393 3326 adierit

221 3351 415 3426 Eustathius,
439 3350 491 3428 qui
513 3369 573 3410 non
591 3351 769 3410 meminerat
792 3370 823 3410 se
846 3351 945 3426 ipsum
968 3345 1190 3430 έεχατόγηρω(
1213 3353 1393 3416 vocabulum

221 3441 253 3499 in
269 3435 414 3516 ἀρρένων
428 3433 561 3517 ἡλικίαι(
575 3440 622 3502 bis
637 3441 755 3519 tradere
770 3431 812 3521 (p.
825 3442 897 3501 727.
911 3443 949 3501 17
954 3434 1020 3522 88).
1040 3441 1075 3502 ef.
1085 3441 1207 3503 Fresen.
1216 3462 1244 3518 p.
1255 3446 1317 3503 117
1328 3446 1392 3504 n.3.

294 3573 329 3644 ⁴⁰)
349 3574 404 3630 Sed
421 3575 493 3630 fuleo
508 3573 586 3631 Eust.
606 3575 640 3630 de
659 3573 752 3644 pueris
771 3576 959 3645 παιδι(κάριον
973 3576 1099 3646 accipere
1113 3575 1232 3645 videtur,
1251 3576 1393 3646 quodnisi

222 3647 257 3702 de
275 3645 377 3715 puellis
395 3662 451 3701 non
465 3644 574 3700 dieitur.
594 3645 628 3700 ei.
643 3645 772 3702 Menaud.
789 3644 864 3702 Gom.
880 3647 919 3700 IV
930 3653 989 3703 163.
1008 3647 1127 3716 Hesyoh.
1141 3650 1341 3716 παιδιεκάριον·
1359 3651 1393 3703 τὸ

147 3731 154 3744 ·
223 3718 350 3786 uopdrcrov
370 3716 500 3772 Ἀττικοί’
520 3718 564 3771 ἐπὶ
581 3721 632 3786 τῆ(
650 3717 764 3784 ἡλικία(
783 3747 817 3758 --
841 3717 876 3787 ΔΗ)
895 3718 1026 3774 Remittit
1042 3717 1207 3773 Eustethius
1226 3738 1253 3788 p.
1275 3725 1357 3789 1330,
1377 3726 1392 3775 7

118 3832 121 3838 .
224 3791 298 3857 etp.
320 3795 397 3858 1762,
419 3794 465 3859 17,
488 3785 537 3842 ubi
556 3804 589 3843 ex
608 3787 663 3844 alio
682 3788 805 3857 quodam
823 3789 901 3844 fonte
925 3807 1021 3845 senum
1044 3787 1159 3844 nomina
1176 3793 1303 3846 recenset
1321 3793 1393 3860 ὠμο-

223 3861 324 3928 γέρων,
338 3861 439 3928 γέρων,
453 3861 598 3926 πέμπελο(,
614 3865 717 3928 (ῠφαρε
731 3878 758 3930 p.
777 3866 854 3928 1330,
870 3868 884 3916 7
905 3861 1057 3928 ὠμογέρων
1072 3862 1102 3914 δέ
1116 3861 1207 3928 ἡλικία
1219 3865 1393 3931 πρετβιιτική,

223 3933 283 3998 μεθ’
303 3933 339 3998 ἡν
361 3933 465 3998 γέρων,
489 3933 550 3985 εἶτα
567 3932 715 4000 πέμπελο(,
739 3933 834 3987 ἔπειτα
853 3937 956 4002 (ἀφαρ,
981 3933 1052 3986 καθὰ
1070 3934 1115 3986 καί
1134 3933 1291 4002 Λυκόφρων
1308 3937 1393 3989 οἶδεν.

223 4021 250 4072 p.
272 4008 401 4069 178217
427 4003 579 4070 ὠμογέρων
598 4004 648 4068 μὲν
670 4003 724 4071 γὰρ
747 4002 839 4071 ἡλικία
856 4005 988 4072 γέροντο(
1012 4005 1073 4071 ἄρτι
1095 4007 1322 4072 παραλλάξαντα(
1343 4007 1394 4058 τὸν

223 4075 382 4140 ἀκμάζοντα
401 4076 445 4128 καί
463 4075 644 4140 έλευωμένου
668 4075 705 4130 εἰ(
723 4075 757 4129 τὸ
781 4076 903 4142 λέγεεθαι
921 4075 1025 4144 γέρων,
1049 4076 1110 4129 εἶτα
1133 4077 1171 4131 εἰ(
1193 4079 1227 4132 τὸ
1250 4079 1393 4142 πέμπελο(,

224 4145 293 4211 μετὰ
317 4146 348 4199 δέ
370 4161 403 4211 γε
426 4145 464 4200 εἰ(
486 4145 520 4200 τὸ
544 4150 642 4214 (ῠφαρ.
679 4147 818 4215 πέμπελο(
845 4148 874 4201 et
896 4151 988 4215 (ῦφαρ
1010 4145 1125 4203 nomina
1146 4165 1202 4214 non
1228 4143 1394 4200 memoravit

224 4215 435 4285 Aristophanes,
450 4215 524 4286 quod
541 4215 602 4285 ipse
620 4216 698 4272 Eust.
717 4217 830 4272 indicat.
850 4235 877 4286 p.
899 4223 975 4286 1788,
991 4223 1025 4273 58
1046 4258 1097 4275 ...
1116 4225 1205 4274 ταῦτα
1223 4220 1238 4271 ὁ
1258 4214 1393 4283 Ἀλεξίων,

225 4291 262 4356 μὴ
283 4289 368 4342 εἰπὼν
392 4290 437 4342 καὶ
458 4287 500 4344 τί(
519 4290 535 4343 ὁ
553 4290 690 4354 πέμπελο(
708 4289 782 4358 (Lyo.
804 4290 865 4356 125)
890 4291 935 4341 καὶ
954 4290 970 4343 ὁ
988 4291 1063 4358 παρὰ
1081 4297 1122 4360 τῷ
1142 4290 1299 4354 Λυκόφρονι
1319 4289 1393 4356 (733)

224 4365 328 4486 {Puplum
348 4360 407 4414 ἀλλ’
426 4358 559 4486 muttire(
582 4360 626 4415 διὰ
651 4365 703 4415 τοι)
726 4361 918 4429 έεχατόγηρω(
937 4363 1110 4430 carentiaco(
1133 4361 1177 4415 καὶ
1195 4359 1304 4414 αὐτού(
1342 4374 1394 4413 nee

249 4447 265 4486 0
289 4448 325 4486 ux
343 4446 466 4487 memora
476 4464 486 4486 ·.
