3102 5158
146 284 187 339 De
202 283 393 354 Aristophane
406 283 539 354 Byzantio
554 285 583 339 et
596 283 729 340 Suetonio
743 283 907 354 Tranquillo
923 285 1055 341 Eustathi
1069 284 1237 340 auctoribus.
1257 283 1322 348 289

147 453 215 512 huic
233 452 324 529 capiti
338 453 531 514 vindicandae
546 457 617 513 sunt
629 453 730 514 decem
744 454 927 531 paragraphi
941 455 1055 530 priores
1071 457 1101 514 et
1116 455 1321 532 paragraphus

147 541 275 618 septima
298 541 420 602 decima.
461 560 588 618 quarum
612 544 781 618 glossarum
804 542 881 601 duae
904 562 1001 619 nsque
1022 544 1102 620 apud
1128 543 1321 602 Eustathium

146 632 291 707 usquein
310 650 370 691 exc.
390 632 421 690 M
440 633 613 709 comparent
631 624 666 712 (ξ
685 635 699 690 1
722 625 879 706 Ἀθηναία,
903 629 923 706 ξ
939 635 959 691 4
980 627 1192 708 καταφαγᾶε).
1224 631 1254 689 Μ
1275 650 1322 690 ex-

147 721 232 780 hibet
258 721 376 795 glossas
399 720 508 797 viginti
530 722 607 797 tres,
635 738 761 796 quarum
784 723 927 797 quattuor
951 724 982 780 et
1003 723 1042 781 ab
1065 720 1223 784 Eustathlo
1248 723 1279 779 et
1303 739 1322 779 a

147 811 253 886 fragm.
267 809 335 870 Par.
356 811 467 869 absunt
485 801 749 890 (μεγαλοψυχεῑν,
769 805 1001 889 μεγαλοψυχία,
1020 804 1138 885 ἄρχειν,
1157 801 1322 890 τάγηνον),

146 897 323 959 Eustathius
338 899 455 975 glossas
469 899 558 958 huius
573 898 678 974 capitis
692 899 839 975 plurimas
854 900 1003 976 congessit
1022 919 1049 974 p.
1062 901 1158 972 1761,
1179 901 1229 970 16,
1247 918 1322 974 quas

145 989 195 1049 uel
212 987 335 1064 repetiit
352 989 401 1048 vel
420 987 571 1064 supplevit
589 987 635 1047 his
653 988 740 1047 locis:
769 1007 798 1063 p.
817 990 896 1061 279,
921 991 970 1048 38.
990 990 1069 1064 546,
1094 991 1144 1048 27.
1172 989 1248 1060 728,
1270 989 1321 1047 51.

148 1080 222 1150 916,
243 1079 293 1137 51.
316 1077 409 1152 1034,
431 1078 480 1137 13.
502 1079 596 1151 1469,
615 1078 667 1137 47.
689 1078 831 1152 1402,1.
854 1079 948 1152 1405,
969 1079 1019 1137 34.
1041 1079 1135 1152 1455,
1154 1079 1205 1136 33.
1228 1079 1322 1152 1479,

147 1169 198 1226 43.
221 1169 315 1240 1770,
336 1168 387 1225 11.
408 1167 502 1237 1535,
522 1168 573 1225 21.
595 1167 689 1242 1599,
711 1168 760 1225 14.
782 1168 877 1239 1627,
896 1168 947 1227 43.
969 1168 1064 1245 1680,
1084 1168 1135 1226 24.
1156 1167 1250 1237 1731,
1270 1166 1323 1241 55,

149 1257 248 1328 1752,
267 1256 319 1315 56.
345 1257 442 1328 1827,
461 1257 514 1316 47.
540 1256 639 1331 1863,
658 1256 709 1314 49.
736 1257 910 1330 1915,16,
934 1273 1035 1314 omnes
1060 1256 1177 1331 glossas
1195 1253 1323 1330 triginta

148 1348 272 1420 septem
291 1362 417 1420 quarum
436 1346 579 1422 quattuor
598 1336 790 1423 (ἀμύνεεθαι,
814 1340 1027 1418 ἐπικύλλωμα,
1051 1338 1225 1418 ἐπιετάτηε,
1248 1337 1322 1402 κόλ-

148 1429 237 1510 λοψ),
258 1451 334 1510 quae
347 1451 443 1508 neque
458 1433 489 1491 in
506 1436 644 1508 excerpto
659 1432 689 1491 M
703 1452 800 1508 neque
813 1433 846 1492 in
859 1433 1029 1508 fragmento
1044 1432 1181 1492 Parisino
1196 1434 1323 1509 exstant,

146 1522 295 1599 probabili
319 1522 488 1582 coniectura
510 1521 671 1582 Fresenius
694 1516 736 1602 (p.
761 1524 799 1581 21
822 1540 884 1599 sqq.
911 1514 966 1602 70)
995 1524 1118 1598 propter
1145 1525 1325 1599 argumenta

147 1612 217 1686 huie
236 1611 326 1687 capiti
344 1610 514 1670 vindicavit.
542 1611 644 1670 decem
662 1612 832 1686 glossarum
850 1615 955 1671 auctor
971 1631 1032 1672 non
1049 1611 1192 1670 laudatur
1206 1612 1244 1670 ab
1263 1611 1322 1668 Eu-

146 1701 258 1761 stathio
277 1695 511 1779 (βλακεύεεθαι,
525 1693 635 1778 γόμοε,
653 1697 727 1775 ζωή,
748 1695 918 1775 κοκκύζειν,
933 1696 1127 1775 λεπύχανον,
1145 1695 1323 1772 πλεονεξία,

148 1784 359 1864 ψευδολογία,
384 1783 579 1863 επανοειτία,
607 1779 724 1864 φερνή,
756 1782 906 1870 ψελλόε),
934 1808 1061 1867 quarum
1085 1791 1151 1848 octo
1173 1781 1322 1867 (βλακεύ-

148 1881 243 1952 εεθαι,
262 1872 371 1952 γόμοε,
390 1874 560 1951 κοκκύζειν,
580 1873 773 1951 λεπύχανον,
789 1873 967 1952 πλεονεξία,
982 1871 1191 1952 ψευδολογία,
1206 1892 1322 1936 (πανο-

147 1962 237 2041 ειτία,
263 1959 382 2047 φερνή)
396 1967 642 2042 ,Ατίρίορλιοαεαο
670 1985 735 2028 esse
763 1970 895 2028 testetur
922 1987 983 2029 exo.
1011 1968 1054 2042 M,
1084 1967 1162 2027 duae
1190 1965 1323 2042 reliquae

146 2054 240 2133 (ζωή,
263 2050 398 2136 ψελλόε)
425 2055 493 2116 hnic
522 2056 612 2132 capiti
635 2055 854 2131 Aristophaneo
882 2057 1075 2117 vindicandae
1103 2057 1174 2115 sunt
1201 2058 1324 2130 propter

146 2165 323 2206 consensum
341 2145 503 2221 fragmenti
521 2143 658 2204 Parisini.
687 2145 724 2204 de
744 2139 864 2220 ψελλόε
883 2147 985 2221 glossa
1004 2136 1102 2226 (Euat.
1117 2164 1144 2220 p.
1161 2145 1256 2218 1535,
1272 2145 1323 2202 21.

147 2236 184 2297 cf.
194 2234 329 2311 frg.Par.
340 2230 360 2308 ἓ
372 2226 406 2314 6)
425 2235 593 2294 consentire
611 2233 732 2295 videtur
745 2233 905 2294 Preseuius
924 2227 967 2314 (p.
979 2235 1041 2294 115
1052 2237 1113 2294 not
1125 2225 1171 2313 3),
1190 2234 1323 2312 glossam

146 2321 212 2399 ζωή
231 2316 303 2405 (frg.
322 2322 390 2384 Par.
409 2322 430 2396 ξ
451 2325 490 2384 17
511 2324 596 2384 Euat.
615 2343 644 2400 p.
665 2326 764 2395 1752,
783 2324 835 2383 56.
856 2325 956 2400 1758,
975 2316 1032 2402 29)
1059 2342 1095 2382 ex
1113 2321 1324 2396 Aristophanis

148 2413 281 2489 reliqniis
300 2413 352 2496 ille
370 2412 507 2474 removit.
538 2414 647 2472 mirum
667 2431 738 2472 sane
756 2413 854 2475 locum
872 2409 937 2488 ζωή
956 2413 1059 2489 glossa
1071 2411 1187 2471 obtinet
1199 2410 1231 2468 in
1244 2410 1324 2486 frag-

149 2505 249 2562 mento
273 2501 425 2578 Parisin03
453 2521 522 2561 nam
544 2520 611 2562 oum
633 2501 767 2577 reliquae
790 2501 880 2561 huius
903 2501 1009 2577 capitis
1037 2501 1156 2578 glossae
1183 2497 1324 2559 continuo

148 2610 214 2651 sese
233 2590 382 2666 excipiant
401 2582 436 2671 (ξ
457 2583 593 2672 1-10),
616 2590 723 2650 deinde
746 2591 890 2666 sequatur
912 2609 973 2650 una
995 2591 1098 2667 glossa
1121 2587 1228 2664 capitis
1252 2584 1325 2661 περὶ

148 2675 320 2754 ὀνομαείαε
343 2676 473 2754 ἡλικιῶν
497 2672 623 2760 (511),
649 2682 715 2739 tum
733 2679 865 2756 quinque
888 2681 1006 2756 glossae
1026 2677 1132 2754 cepitis
1156 2673 1228 2751 περὶ
1252 2692 1323 2748 rur·

149 2769 285 2843 γενικῶν
309 2763 479 2842 ὀνομάτων
498 2761 533 2847 (ξ
555 2761 710 2850 12-16),
735 2787 796 2828 nna
814 2765 879 2844 ζωή
899 2770 1000 2846 glossa
1019 2760 1055 2846 (ξ
1076 2760 1131 2847 17)
1150 2768 1289 2841 separata
1307 2785 1326 2825 a

148 2860 256 2919 ceteris
289 2857 422 2918 eiusdem
450 2857 569 2934 capitis*
588 2858 677 2917 finem
704 2857 798 2918 efficit
824 2860 1030 2934 excerptorum
1058 2875 1094 2916 ex
1121 2855 1325 2930 Aristophane

147 2948 293 3024 Byzantio
317 2939 497 3026 (sequuntur
519 2948 639 3023 glossae
662 2938 885 3028 Suetonienae).
917 2947 995 3006 hanc
1020 2945 1118 3022 ipsam
1141 2945 1179 3005 ob
1204 2962 1325 3003 causam

149 3032 240 3114 ‘quod
257 3038 340 3097 locus
359 3055 448 3112 quam
466 3036 595 3095 mammo
613 3029 803 3112 refragatur',
822 3035 982 3095 Fresenius
1000 3028 1043 3112 (p.
1060 3028 1114 3116 78)
1129 3032 1324 3108 Aristophani

148 3127 280 3204 glossam
302 3125 436 3185 tribuere
457 3143 519 3186 non
542 3143 634 3188 ausus
659 3129 717 3202 est,
742 3125 800 3184 etsi
822 3124 886 3184 sius
912 3127 1123 3201 argumentum
1142 3122 1233 3199 capiti
1252 3117 1326 3196 περὶ

149 3214 216 3275 τῶν
238 3209 512 3288 ὑποπτευομένων
529 3213 685 3275 convenire
703 3233 763 3274 non
780 3215 911 3289 negavit.
947 3213 1049 3290 itaque
1067 3213 1158 3272 aliam
1176 3212 1257 3272 viam
1275 3230 1324 3270 cx-

148 3304 280 3382 ploravit
301 3304 339 3363 ad
362 3302 571 3364 difficultatem
593 3304 770 3380 tollendam,
793 3303 927 3379 confugit
951 3304 989 3363 ad
1015 3301 1215 3377 Zenodorum,
1240 3299 1325 3359 cuius

148 3393 219 3454 libri
241 3388 314 3467 περὶ
337 3392 393 3466 τῆε
415 3388 555 3469 Ὁμήρου
579 3387 743 3467 ευνηθείαε
771 3392 922 3468 epitomen
952 3391 1067 3450 codices
1094 3390 1155 3450 ML
1184 3389 1327 3449 exhibent

151 3476 201 3563 (cf.
225 3482 324 3542 Miller
345 3482 500 3559 Melanges
523 3502 552 3557 p.
575 3483 639 3542 407
660 3501 722 3557 sqq.
755 3480 914 3540 Fresenius
938 3501 965 3556 p.
990 3472 1057 3559 38).
1094 3498 1131 3538 ex
1158 3477 1205 3562 his
1234 3477 1325 3536 Zeno-

149 3572 257 3647 doreis,
275 3590 402 3647 quorum
420 3571 451 3629 in
470 3571 571 3633 codice
587 3571 639 3630 illo
659 3570 753 3646 Regio
771 3570 907 3630 Parisino
925 3587 980 3628 neo
997 3569 1067 3629 vola
1084 3585 1139 3627 nec
1152 3566 1325 3643 vestigium,

148 3661 269 3720 fluxisse
288 3661 396 3721 statuit
414 3660 573 3720 Fresenius
591 3659 754 3736 fragmenti
767 3657 895 3718 Parisini
908 3659 1041 3736 glossam
1059 3654 1126 3732 ζωή
1144 3659 1175 3715 εί
1194 3655 1244 3732 qui
1259 3674 1325 3715 con·

149 3751 272 3811 veniant
289 3749 368 3810 locos
387 3749 602 3811 Eustathianos
621 3769 650 3826 p.
671 3751 765 3824 1752,
785 3749 838 3808 56.
862 3748 957 3821 1758,
978 3749 1029 3806 29.
1065 3745 1125 3804 iam
1143 3745 1239 3821 igitur
1257 3763 1323 3804 con-

151 3842 283 3900 feramus
302 3838 488 3898 Zenodorum
505 3838 614 3916 fragm.
632 3836 699 3898 Par.
718 3836 926 3896 Eustathium:

195 3927 371 3987 Zenodori
386 3923 711 4005 epitomeML(Miller
765 3927 822 4004 frg.
845 3925 913 3988 Par.
931 3922 951 4000 ξ
972 3928 1012 3985 17
1037 3919 1102 3998 ζωὴ
1126 3919 1252 3995 λέγεται
1275 3917 1327 3980 καὶ

150 4039 177 4095 p.
198 4009 290 4097 408):
309 4012 388 4091 ζωή·
407 4010 483 4090 παρ’
504 4011 632 4094 Ὁμήρῳ
653 4011 710 4076 οὐκ
765 4011 818 4075 ἐπὶ
853 4015 910 4090 τῆε
947 4007 1128 4087 περιουείαε
1164 4005 1209 4073 ωε
1247 4003 1326 4084 παρ’

150 4103 202 4168 ἐπὶ
218 4105 278 4166 τοῦ
296 4104 366 4179 Ζῆν,
390 4099 461 4164 ἀλλ’
478 4101 532 4166 ἐπὶ
550 4103 616 4165 τῶν
635 4120 710 4179 χρη-
765 4100 892 4182 Ὁμήρῳ
916 4096 946 4182 (ξ
970 4094 1028 4181 96)

152 4191 261 4271 μάτων
275 4190 327 4253 καὶ
345 4188 512 4268 κτημάτων
531 4190 581 4254 καὶ
600 4188 711 4254 ἁπλῶς
810 4186 845 4268 ‘h
864 4188 925 4266 γὰρ
944 4186 975 4251 οἱ
988 4187 1053 4265 Ζωή
1068 4183 1102 4263 γ’
1122 4185 1163 4266 ἦν
1182 4182 1327 4262 ἄτπετοε,

150 4285 209 4345 τοῦ
232 4278 384 4344 πλούτου.
899 4275 938 4340 οὔ
962 4294 1023 4339 τινι
1045 4273 1154 4356 τόεεη,

811 4362 927 4430 δώδεκ’
951 4364 987 4428 ἐν
1011 4362 1131 4445 ἠπείρῳ
1155 4359 1288 4440 ἀγέλαι’.

149 4464 235 4524 Enst.
255 4483 284 4540 p.
303 4464 405 4538 1752,
425 4462 465 4521 56
492 4451 545 4542 (ad
563 4460 579 4522 Ξ
600 4458 657 4543 96)
681 4506 688 4521 .
708 4505 742 4521 ..
766 4454 820 4521 οἱα
842 4457 939 4535 διχῶε
961 4457 1018 4535 τῆε
1044 4457 1128 4534 lustr
1152 4452 1328 4534 λεγομένηε
