3102 5158
154 285 195 341 De
209 286 397 357 Aristophane
410 286 545 356 Byzantio
560 287 590 342 et
603 285 737 341 Suetonio
747 285 912 354 Tranquillo
924 284 1056 342 Eustathi
1070 285 1238 342 auctoribus.
1259 285 1325 350 305

153 456 219 532 Iph.
238 454 307 514 Aul.
329 457 422 530 1623,
441 453 479 514 dc
495 455 597 530 puella
615 474 640 515 e.
653 476 683 532 g.
701 455 772 517 Eur.
791 456 862 516 Hoc.
882 457 957 516 205.
972 457 1045 516 526.
1077 449 1169 529 πόρις
1187 455 1324 514 omnibus

154 545 227 604 locis
242 545 366 605 vitulam
381 544 543 621 significat:
562 547 656 605 κ410
670 536 737 626 (ubi
751 545 856 605 schol:
870 539 995 618 πόριες·
1009 541 1078 605 νέαι
1093 539 1175 619 βόες,
1184 537 1324 623 ’μόςχοιλ
1416 541 1423 556 ’

155 635 226 694 Eur.
246 633 350 709 Snppl.
365 634 437 694 629.
456 633 563 694 Bacch.
580 636 651 694 737.
671 634 867 695 Arcturo.
900 628 1011 708 πόρτις
1029 633 1155 693 vitutem
1169 633 1325 710 significat

155 724 269 782 linea
288 724 388 798 hymn.
409 720 474 782 Cor.
491 724 563 784 174.
577 721 672 799 βορλι.
687 723 792 782 Trach.
809 724 871 783 539
888 722 955 782 aliis
969 721 1051 796 locis,
1066 721 1194 784 vitulum
1208 721 1324 782 duobus
1395 719 1398 726 ’

155 812 227 873 locis
252 812 358 872 Aesch.
379 811 481 887 Suppl.
500 813 553 870 42.
573 814 636 873 313
662 806 730 892 (ubi
747 807 830 873 Δῖος
849 806 960 886 πόρτις
983 811 1153 887 appellatur
1172 810 1253 872 filins
1272 811 1324 870 Ins

156 905 188 961 et
205 894 308 979 Iovis).
346 900 381 962 cf.
401 900 532 977 Hesych.
551 895 675 976 πόρτις·
694 895 828 975 δάμαλις
846 898 865 976 ἢ
885 897 944 961 νέα
963 899 1047 976 βοῦς.
1065 931 1103 940 -
1124 893 1246 976 πάρταξ
1265 919 1325 960 non

156 990 269 1067 legitur
286 989 345 1048 nisi
359 989 383 1049 P
399 992 429 1062 4,
447 989 500 1049 nbi
513 1007 608 1066 genus
627 989 750 1068 agnosci
763 990 880 1066 nequit:
899 989 1011 1050 scholia
1024 983 1146 1064 πόρταξ
1164 989 1243 1057 idem
1258 1007 1324 1050 esse

70 1111 73 1118 ι
155 1080 234 1156 [ruod
258 1073 351 1153 πόρις
370 1082 402 1138 et
419 1073 531 1153 πόρτις
549 1079 703 1140 adnotant.

245 1168 282 1227 In
307 1167 510 1244 disputatione
534 1169 573 1228 de
599 1187 688 1228 sunm
715 1169 885 1228 nominibus
910 1166 1090 1230 Euanthius
1114 1169 1262 1243 ρ.1752,
1285 1169 1323 1230 11

155 1257 388 1333 Aristophanem
407 1256 637 1334 grammaticum
662 1257 768 1318 laudat
790 1253 827 1318 ἐν
844 1257 891 1336 τῶ
911 1251 983 1331 περὶ
1000 1252 1144 1331 ἡλικιῶν,
1167 1275 1234 1318 cum
1257 1257 1325 1317 aliis

156 1346 228 1408 locis
247 1346 304 1406 hoc
322 1348 412 1421 caput
429 1345 509 1407 iusto
527 1346 618 1407 titulo
637 1346 742 1407 laudet
759 1341 832 1423 περὶ
846 1340 1017 1420 ὀνομαςίας
1034 1342 1173 1421 ἡλικιῶν.
1199 1359 1326 1406 ‘causam

155 1435 308 1511 perspexit
328 1434 488 1496 Fresenius
507 1428 550 1515 (p.
570 1427 642 1514 67);
665 1435 844 1496 Eustathius
863 1435 955 1509 enirn,
978 1453 1046 1494 cum
1063 1434 1253 1495 Athenaeum
1272 1435 1327 1494 hoc

104 1521 107 1527 '
155 1525 220 1584 loco
240 1527 418 1599 excerperet
437 1525 531 1584 rerba
556 1528 674 1601 quoque
693 1519 921 1600 Ἀριςτοφάνης
944 1518 1195 1599 όγραμμοτικός
1219 1519 1256 1584 ἐν
1278 1524 1325 1603 τῷ

154 1610 228 1687 περὶ
246 1610 376 1688 ἡλικιῶν
395 1632 431 1672 ex
444 1614 602 1674 Athenaeo
621 1607 678 1694 (IX
694 1607 796 1695 3752)
815 1613 982 1690 descripsit,
1000 1613 1094 1674 verba
1111 1614 1213 1672 autem
1227 1632 1326 1690 gram-

154 1701 256 1762 matici
279 1722 339 1762 non
362 1721 399 1762 ex
416 1703 573 1765 Athenaeo
596 1704 649 1763 sed
673 1722 689 1763 c
713 1722 767 1765 suo
785 1702 996 1779 Aristophanis
1020 1698 1141 1764 λέξεων
1163 1701 1326 1778 exemplari

154 1792 346 1868 deprompsit.

244 1881 289 1939 Er
307 1881 364 1940 hac
381 1882 468 1957 parte
487 1880 593 1958 capitis
607 1876 680 1956 περὶ
694 1876 866 1956 όνομαςίας
879 1877 1011 1956 ἡλικιῶν
1029 1899 1122 1939 unum
1140 1881 1238 1940 locum
1256 1899 1323 1940 cum

155 1969 366 2046 Aristophanis
389 1970 579 2044 grammatici
605 1970 724 2032 nomine
751 1971 884 2032 servavit
912 1971 1002 2030 etiam
1026 1969 1156 2046 Hesych.
1178 1963 1281 2032 ίννος·
1306 1965 1325 2028 ὁ

155 2057 265 2120 πῶλος
293 2053 312 2118 ὁ
336 2055 369 2120 ἐξ
386 2054 495 2118 ‘innoc
521 2055 643 2134 πατρὸς
666 2056 718 2119 καί
741 2056 858 2135 μητρὸς
880 2053 1029 2134 ἡμιόνου,
1059 2051 1151 2118 ἄλλοι
1180 2055 1215 2118 δὲ
1244 2051 1323 2118 άνου

155 2143 371 2222 Ἀριςτοτέλης
390 2144 425 2208 δέ
445 2157 548 2222 φηςιν
563 2142 655 2209 lusor
672 2144 807 2223 ἡμίονον
832 2143 949 2223 άρςενα
972 2143 1134 2208 τουτέςτιν
1153 2143 1244 2223 ὀρέα,
1267 2142 1326 2208 τόν

155 2233 208 2297 ἐπὶ
222 2232 351 2311 θηλείας
365 2231 596 2312 ἀναβαίνοντα·
611 2230 752 2318 (pirvos
766 2235 803 2298 δὲ
817 2234 850 2300 ἐξ
864 2233 966 2298 ίππου
981 2231 1152 2312 νοςηςάςης
1167 2228 1218 2314 (cl.
1231 2237 1325 2297 Arist.

155 2327 191 2385 A.
206 2326 243 2385 Η.
257 2325 300 2385 Vl
315 2328 367 2400 24,
384 2319 427 2407 1).
450 2320 552 2387 Ιἄλλοι
571 2323 607 2387 δὲ
625 2322 771 2402 ἡμιόνιον
784 2325 804 2403 ἢ
818 2321 973 2401 ίππάριον
987 2320 1130 2388 άνουξὲς.
1162 2319 1324 2400 Ἀριςτο-

155 2410 279 2490 φάνης
298 2411 338 2476 δὲ
357 2412 447 2475 τοὺς
464 2409 784 2489 ίννουςγίνεςθαι
802 2413 840 2479 ἐξ
858 2412 977 2476 ἵππου
996 2409 1152 2489 πατρός,
1171 2408 1265 2474 ὄνου
1284 2411 1325 2476 δὲ

155 2499 306 2580 μητρός.
353 2523 430 2580 quae
453 2523 521 2564 cum
545 2506 576 2564 M
603 2508 635 2565 et
656 2507 742 2568 Enst.
765 2525 794 2582 pr
815 2507 899 2566 1625
924 2504 1090 2564 concinunt.
1128 2503 1326 2564 Aristotelem

155 2595 285 2654 tortasse
303 2593 522 2670 Aristophanes
541 2594 694 2670 excitavit,
717 2598 753 2654 ut
771 2593 822 2670 qui
840 2593 1010 2670 philosophi
1028 2592 1214 2660 celeberrimi
1232 2591 1325 2652 libros

156 2683 288 2743 studiose
310 2686 455 2770 tractaret
473 2675 514 2762 (v.
533 2702 598 2759 sup.
617 2703 646 2758 p.
665 2675 744 2764 298)
764 2683 887 2759 eiusque
905 2681 1089 2742 Animalium
1107 2681 1271 2741 Historiam
1295 2681 1326 2742 in

156 2772 307 2848 epitomen
324 2772 476 2849 redigeret
494 2765 613 2852 (Nauck
631 2794 659 2850 p.
675 2774 749 2833 280.
781 2772 924 2832 Valentin
941 2772 1034 2843 Rosa,
1051 2769 1163 2831 Anccd.
1184 2770 1324 2830 (in-Lat.

154 2861 185 2920 ΙΙ
203 2881 231 2938 ρ.
254 2855 349 2941 lss.).
1230 2879 1233 2886 ’
1335 2855 1343 2871 ’

244 2952 344 3027 Atque
367 2951 426 3010 duo
445 2951 519 3010 haec
541 2951 713 3027 fragmenta
736 2950 912 3010 nominatim
931 2949 1127 3025 Aristophani
1151 2948 1326 3010 tribuuntur

154 3040 192 3098 ab
211 3039 366 3100 Athenaeo
389 3042 421 3098 et
439 3038 599 3117 Hesychia.
636 3040 688 3099 sed
711 3040 743 3098 in
761 3039 904 3116 Hesychii
928 3039 1023 3099 lexico
1045 3057 1100 3097 nec
1124 3039 1221 3098 minus
1245 3040 1325 3115 apud

155 3131 270 3188 ceteros
289 3129 514 3206 lexicographos
529 3130 560 3188 et
574 3128 653 3205 apud
668 3129 844 3190 scholiastes
864 3127 924 3188 alia
937 3146 996 3188 non
1015 3146 1110 3203 pauca
1123 3127 1326 3204 inveniuntur,
1420 3151 1422 3158 ·

153 3236 230 3294 qnae
254 3216 506 3294 Aristophaneam
529 3218 695 3278 doctrinam
718 3218 851 3278 studiose
874 3237 893 3277 a
919 3216 1048 3295 posteris
1071 3235 1136 3277 esse
1158 3217 1325 3276 adhibitam

154 3309 370 3368 demonstrant
401 3325 510 3384 agmen
529 3307 612 3367 ducit
625 3306 820 3369 Aristarchus
835 3305 1046 3382 Aristophanis
1065 3305 1227 3383 discipulus
1242 3324 1326 3382 prae-

155 3395 348 3474 clarissimus,
362 3395 446 3456 cuius
456 3396 679 3458 observationes
688 3396 865 3457 Homericae
874 3414 928 3472 per
938 3394 1051 3456 scholia
1060 3398 1163 3456 vetera
1172 3395 1325 3471 dispersae

154 3505 213 3547 non
239 3485 333 3546 semel
355 3484 534 3561 discipulum
557 3486 686 3562 vestigia
708 3486 819 3563 legisse
841 3484 981 3568 magistri
1001 3484 1140 3561 produnt
1180 3487 1325 3562 quantam

155 3595 226 3637 vero
251 3575 470 3651 Aristophanes
494 3575 542 3634 vel
564 3574 596 3634 in
614 3571 734 3636 λέξεςιν
757 3573 921 3656 carminum
939 3573 1165 3634 Homericornm
1187 3574 1327 3634 habuerit

157 3665 313 3742 rationem,
331 3664 428 3743 primo
447 3664 600 3724 oculorum
620 3663 728 3724 obtutu
746 3683 833 3724 nemo
851 3683 912 3724 non
930 3663 1020 3724 videt.
1057 3663 1095 3722 de
1113 3657 1222 3724 ίονθάς
1239 3682 1324 3724 voca-

153 3754 224 3812 bulo
245 3746 275 3834 (ξ
290 3746 347 3834 50)
367 3752 538 3814 observavit
551 3751 769 3829 Aristophanes
788 3747 838 3813 ὅτι
852 3746 910 3828 ἐφ’
928 3746 1051 3826 ἡλικίας
1070 3748 1156 3813 τινὸς
1170 3748 1222 3813 καὶ
1236 3750 1323 3826 μεγέ·

155 3843 231 3901 θους
250 3836 329 3901 αὐτό
348 3857 444 3919 φηςιν
463 3836 482 3902 ὁ
502 3839 635 3917 ποιητής
654 3832 933 3923 (Eustp.1625):
952 3840 1032 3900 idem
1049 3841 1143 3918 igitur
1162 3859 1226 3901 esse
1246 3842 1325 3918 quod

155 3927 277 3990 τέλειος
298 3931 517 3993 existimavisse
530 3930 658 3992 videtur.
691 3931 832 4007 probavit
845 3930 1038 3991 Aristarchus
1057 3932 1135 3991 teste
1149 3931 1250 4006 Apoll.
1268 3932 1326 3990 lex.

156 4022 207 4096 91,
223 4021 265 4078 30
285 4013 447 4080 ἰονθάδος·
466 4015 486 4080 ὁ
501 4013 618 4080 Ἀπίων
637 4019 693 4095 τῆς
712 4015 839 4081 δαςείας
858 4064 910 4083 ...
927 4015 982 4079 διὰ
997 4015 1032 4080 δὲ
1047 4019 1106 4080 τοῦ
1121 4013 1324 4095 Ἀριςτάρχου

154 4104 381 4184 ὑπομνήματος
400 4102 576 4188 ‘inventor'
596 4104 675 4170 ἔνιοι
694 4103 881 4169 ἀποδιδόαςι
900 4103 1024 4169 τελείου
1043 4107 1108 4168 κτλ.
1145 4107 1197 4168 alii
1216 4103 1325 4169 ίονθάς

153 4197 232 4257 idem
252 4217 318 4257 esse
337 4196 416 4274 quod
434 4195 508 4258 νέος
527 4199 731 4272 affirmabant,
755 4193 868 4260 ίονθυν
893 4216 958 4258 esse
981 4193 1115 4274 πρώτην
1137 4196 1255 4272 τριχῶν
1278 4192 1325 4257 ἔκ.

154 4303 256 4362 φυςιν.
286 4286 322 4348 cf.
341 4286 454 4364 Phryn.
472 4286 566 4350 Bskk.
576 4289 627 4363 44,
638 4291 691 4351 23.
712 4319 749 4329 -
770 4288 899 4366 quaeda
918 4285 1001 4363 μῆλα
1020 4290 1052 4346 et
1065 4281 1212 4363 πρόβατα
1230 4287 1323 4346 nomi-

153 4396 225 4436 num
258 4396 315 4437 usu
347 4374 562 4452 Aristophanes
595 4377 780 4456 observavit,
812 4395 914 4436 omncs
943 4376 1177 4453 descripserunt,
1209 4375 1324 4452 primus

153 4465 346 4527 Aristarchus
375 4468 454 4526 teste
476 4464 644 4527 Aristonico
670 4467 760 4530 schol.
784 4466 811 4527 K
831 4468 909 4528 485:
935 4459 985 4527 ὅτι
1008 4464 1093 4543 μῆλα
1115 4461 1147 4527 οἱ
1171 4461 1324 4543 νεώτεροι
