3102 5158
235 273 301 341 316
702 276 828 348 Leopold
848 277 940 334 Oohn:

277 445 361 504 Eust.
377 466 405 521 p.
420 447 494 519 565,
511 447 551 506 18
572 441 607 506 έν
623 443 658 506 δέ
674 442 792 508 έκθέςει
812 464 953 520 ςυγγενι-
1026 448 1112 509 Εοιί.
1127 470 1155 525 p.
1172 451 1244 510 971.
1325 444 1413 522 λέγει

232 532 299 594 κῶν
318 531 437 595 λέξεων
461 533 652 610 φερομένων
671 533 707 596 ἐν
729 533 885 616 ῥητορικῷ
905 537 953 596 λε·
983 535 1017 598 δὲ
1037 535 1160 599 ἐκεῖνος
1179 533 1198 597 ὁ
1216 533 1256 597 τά
1275 532 1413 613 ῥηθέντα

233 623 307 703 ξικῷ
322 618 480 699 γράφεται
495 622 673 685 καὶταῦτα·
703 649 745 687 .·..
760 623 811 686 καί
826 620 874 685 ὅτι
888 625 955 686 τῶν
983 623 1149 701 ςυγγενικὰ
1168 623 1412 702 ἐκγραψάμενος

233 713 427 784 ςυγγενικιῖιν
450 708 620 789 ὀνομάτων
642 709 683 775 τὰ
706 712 763 790 μέν
781 711 845 776 ἐςτι
864 712 955 775 κοινὰ
982 714 1033 777 καὶ
1051 712 1101 776 ὅτι
1120 711 1249 792 ἀπφὺς
1268 710 1355 791 παρά
1372 732 1412 789 γε

233 797 377 877 πάντων,
397 849 403 862 .
420 849 449 865 ..
468 799 509 863 τὰ
532 797 560 864 δ’
579 801 614 864 ἐκ
633 800 807 880 προςώπου
828 801 954 877 λέγεται
981 807 1050 866 τοῖς
1073 801 1224 867 Ἀττικοῖς
1251 800 1413 882 βάρβαρόν

232 885 328 966 ἰδίως,
342 887 413 952 οἷον
428 886 560 967 ἄπφαν
574 890 632 968 τὴν
647 887 793 968 ἀδελφὴν
807 886 954 953 Ἀττικῶς
982 891 1074 957 ἐςτιν.
1106 890 1169 955 έςτι
1193 892 1229 954 δὲ
1254 890 1274 954 ὁ
1297 891 1411 970 πατήρ,

232 975 313 1054 μόνη
332 976 351 1054 ἡ
371 975 497 1056 ἀδελφὴ
513 976 598 1042 εἴποι
613 977 661 1056 ἄν,
680 979 731 1042 καὶ
746 977 882 1043 πάππαν
895 979 954 1042 τὸν
982 979 1026 1044 ὡς
1045 984 1139 1060 δηλοῖ
1159 979 1338 1058 Θεόκριτος.

197 1123 200 1129 ,
232 1066 356 1144 πατέρα
374 1065 473 1144 μόνος
487 1065 506 1129 ὁ
520 1071 604 1145 παῖε,
624 1067 730 1145 ὥςπερ
750 1068 801 1132 καὶ
816 1066 954 1147 μαμμίαν
982 1070 1068 1146 λέγει
1083 1070 1118 1133 δὲ
1134 1070 1256 1133 ἐκεῖνος
1270 1069 1321 1132 καὶ
1341 1066 1410 1132 άπ-

231 1156 290 1233 τὴν
305 1155 423 1234 μητέρα
442 1156 493 1220 καί
510 1156 550 1219 τὰ
565 1155 659 1234 ὅμοια
679 1156 730 1237 [έν
745 1155 793 1220 οἷς
808 1158 893 1236 θήςει
907 1176 954 1220 τις
982 1178 1059 1237 φαν
1090 1160 1148 1238 τὴν
1181 1156 1328 1238 ἀδελφὴν
1360 1158 1412 1221 καὶ

231 1244 338 1308 καὶτὸ
357 1244 487 1324 ἠθεῖος].
526 1245 630 1310 ἰςτέον
651 1247 687 1310 δέ
711 1243 760 1309 ὅτι
779 1245 814 1310 ἐκ
832 1249 890 1310 τοῦ
910 1244 953 1308 ὡς
982 1245 1151 1327 ἄπφιον
1216 1245 1412 1326 ὑποκόριςμα

231 1332 344 1412 ἐρρέθη
370 1331 464 1413 ἄπφα
492 1333 613 1410 γίνεται
641 1335 692 1399 καὶ
719 1335 757 1399 τὸ
786 1333 954 1414 άπφιον
982 1337 1151 1416 ἐρωμένης,
1167 1335 1218 1400 καί
1233 1334 1316 1400 ἄλλα
1330 1335 1410 1413 τινά,

230 1421 479 1502 ὑποκόριςμαόν
494 1424 665 1503 ἐρωμένης.
696 1425 780 1488 τινὲς
800 1425 835 1487 δὲ
850 1425 952 1487 καὶτὸ
982 1427 1054 1505 περὶ
1082 1425 1128 1490 ὧν
1156 1427 1193 1490 ἐν
1221 1423 1331 1489 ἄλλοις
1356 1426 1410 1501 γέ-

230 1509 324 1591 άπφα
338 1511 534 1591 ὑποκόριςμά
553 1532 649 1591 φαςιν
663 1510 812 1577 Ἀττικόν.
841 1512 860 1575 ὁ
879 1514 951 1591 μέν·
981 1535 1127 1594 γραπται.

228 1621 278 1664 τοι
298 1599 427 1680 ἀπφὺς
446 1601 533 1680 παρὰ
548 1601 710 1686 Θεοκρίτῳ
729 1598 799 1688 (XV
815 1599 870 1686 13)
891 1622 951 1665 πα-

228 1689 303 1768 τρὸς
322 1693 435 1769 κλῆςις,
454 1693 494 1770 ἣν
515 1692 634 1770 βρέφος
649 1689 689 1755 ἂν
708 1689 876 1769 προςείποι
891 1709 950 1755 πα-

228 1781 314 1858 τέρα.

228 1872 308 1933 idem
332 1873 446 1932 lexicon
473 1874 610 1933 adhibuit
634 1873 772 1949 Photins,
797 1878 832 1933 ut
854 1894 923 1933 mox
946 1874 1230 1954 demonstrabimus3
1259 1896 1277 1936 a
1301 1877 1409 1936 Photio

227 1962 339 2037 pendet
354 1961 435 2022 Suid.
455 1955 565 2038 ἄπφα·
589 1957 733 2038 ἀδελφῆς
751 1961 771 2038 ἢ
790 1959 841 2023 καὶ
858 1957 1005 2039 ἀδελφοῦ
1020 1959 1216 2040 ὑποκόριςμα
1234 1962 1285 2025 καὶ
1299 1960 1409 2040 ἀπφὺς

229 2046 476 2126 ὑποκοριςτικῶς
501 2046 519 2110 ὁ
544 2050 657 2127 πατήρ.
691 2053 727 2112 οῖ.
750 2053 807 2113 lex.
828 2052 1020 2128 laekatte,
1043 2057 1080 2112 11
1107 2044 1174 2134 (ubi
1198 2048 1328 2128 άποψάς
1348 2073 1409 2114 enr-

227 2144 351 2216 ruptum
365 2160 401 2200 ex
415 2133 522 2221 ἄπφα)
535 2143 650 2219 arri,
662 2145 711 2202 11.
725 2173 763 2183 —
778 2141 914 2218 sequitur
927 2143 1029 2218 glossa
1042 2138 1205 2217 ἐξανέψιοῑ
1218 2140 1239 2204 'e
1250 2137 1408 2204 ‘veteram'

229 2230 362 2288 doctrina
377 2231 523 2304 explicata
537 2223 673 2309 (εἴρηται
688 2227 837 2292 καὶαύτό
853 2227 889 2291 ἐν
902 2231 971 2291 τοῖς
985 2224 1157 2312 παλαιοῖς).
1189 2233 1313 2292 eandem
1327 2234 1408 2293 vocis

228 2319 508 2394 interpretationem
534 2319 655 2378 exhibet
678 2320 808 2396 Hesych.
832 2316 1009 2393 ἐξανέψιοι·
1034 2314 1080 2380 ὧν
1107 2317 1138 2380 οἱ
1157 2319 1293 2396 πατέρες
1311 2316 1409 2397 ἀλλή-

229 2405 295 2468 λων
311 2401 472 2482 ἀνεψιοὶῆ
489 2403 521 2468 αἱ
537 2405 669 2483 μητέρες
683 2402 852 2490 (ἀνεψιαί).
876 2409 1093 2485 Aristophanes
1103 2430 1174 2470 vero
1185 2412 1226 2470 sie
1237 2411 1408 2486 explicavit:

227 2496 372 2573 srg.Pa1·.
393 2495 412 2572 ξ
434 2501 473 2556 12
573 2493 737 2572 ἐξανέψιοι
760 2495 796 2576 δὲ
816 2493 847 2558 οἱ
865 2496 931 2557 τῶν
950 2493 1095 2572 άνεψωῖιν
1121 2499 1248 2575 παῖδες,
1274 2495 1331 2559 οὓς
1349 2499 1409 2560 νῦν

228 2583 365 2660 λέγομεν
390 2583 653 2662 διςεξαδέλφους,
676 2588 786 2665 quibus
809 2588 1017 2664 coniungenda
1040 2590 1111 2648 sunt
1135 2590 1243 2650 codicis
1267 2589 1299 2648 M
1315 2589 1409 2650 verba

228 2676 314 2734 haec:
334 2671 454 2750 ταύτην
473 2673 508 2734 δὲ
527 2673 585 2750 τὴν
601 2673 718 2749 γενεὰν
737 2672 777 2737 οὐ
795 2671 881 2737 πάνυ
901 2669 947 2736 ἔτι
966 2673 1203 2754 ἐξηκριβοῦντο,
1223 2672 1300 2739 ὅθεν
1319 2674 1407 2752 καὶὴ

177 2816 180 2823 .
227 2759 381 2838 παροιμία
396 2758 557 2838 (ἀνεψιῶν
577 2762 613 2824 δὲ
628 2765 741 2825 παῖδες
761 2759 924 2835 οὐκέτ’,έν
944 2760 1059 2846 λόγον’.
1089 2787 1215 2844 quorum
1233 2766 1309 2826 nihil
1327 2769 1408 2842 apud

228 2853 430 2912 Eustathium.
468 2854 570 2930 itaque
589 2854 721 2931 glossam
740 2851 903 2929 ἐξανέψιοι
921 2856 960 2915 ab
978 2855 1140 2916 Eustathie
1160 2857 1272 2916 alibro
1292 2856 1407 2915 Aristo-

227 2943 334 3018 phanis
359 2943 566 3020 depromptam
590 2962 648 3004 non
672 2961 737 3004 esse
761 2944 899 3004 arbitror.
925 2977 966 2985 -
989 2964 1065 3021 quae
1086 2950 1253 3023 sequuntur
1272 2946 1308 3004 de
1327 2943 1405 3020 τήθη

229 3033 259 3090 et
278 3026 383 3106 μάμμη
403 3033 572 3112 vocabulis,
590 3052 695 3093 rursus
715 3053 751 3093 ex
769 3052 803 3093 eo
822 3033 917 3092 lexico
937 3034 1085 3093 rhetorico
1103 3035 1213 3095 hausta
1231 3037 1308 3110 sunt,
1327 3034 1407 3111 quod

228 3123 259 3179 et
277 3120 363 3180 Euat.
383 3141 412 3197 p.
432 3122 508 3195 565,
532 3124 572 3182 18
593 3126 624 3181 et
641 3123 767 3182 Photius
787 3122 1002 3197 adhibuerunt,
1024 3123 1069 3182 ita
1087 3127 1121 3184 ut
1139 3124 1266 3184 invicem
1281 3117 1317 3184 'se
1336 3141 1405 3197 sup-

112 3299 114 3302 ·
226 3208 330 3285 pleant
347 3209 405 3270 loei
423 3210 616 3270 Eustathiani
635 3230 663 3288 p.
684 3213 757 3288 565,
778 3213 826 3272 18.
848 3213 922 3287 971,
941 3211 982 3270 35
1004 3215 1034 3271 et
1053 3212 1085 3270 hi
1105 3212 1258 3273 Photiani:
1385 3235 1387 3239 ·

262 3296 348 3358 Euat.
398 3319 427 3375 p.
474 3301 546 3360 565.
598 3301 683 3360 Eust.
695 3304 807 3376 p.971.
827 3296 952 3374 ...περὶ
966 3296 1002 3360 δέ
1053 3300 1139 3362 Phot.
1187 3296 1406 3363 παππάζοιεν·

226 3381 548 3467 ...παππάῑειν[παπ-
576 3405 613 3461 γε
622 3387 776 3464 τήθηςκαὶ
785 3384 908 3464 μάμμης
917 3384 1003 3449 οὕτω
1031 3387 1154 3465 πατέρα
1176 3390 1314 3452 καλοῖεν.

226 3474 328 3538 πίΖειν
365 3475 472 3554 vulgo]
509 3475 547 3538 τὸ
576 3473 653 3553 φαςί
667 3493 764 3540 τινες·
778 3477 877 3555 τήθην
890 3473 1002 3538 οίἝλ-
1052 3479 1139 3542 Phot.
1158 3474 1307 3540 πάππας·
1330 3477 1406 3539 τοὺς

227 3561 362 3626 πάππαν
376 3564 486 3627 καλεῖν
496 3563 548 3626 καὶ
576 3567 671 3642 ληνες
694 3565 753 3643 τὴν
772 3564 893 3642 πατρὸς
911 3565 930 3644 ἢ
951 3585 1004 3642 μη·
1031 3566 1172 3643 πατέρας
1195 3566 1354 3630 καλοῖιςιν.

226 3650 382 3715 παππίαν.
407 3651 493 3715 οὕτω
510 3654 546 3715 δὲ
575 3653 650 3730 τρός
669 3654 801 3732 μητέρα,
820 3653 851 3717 οἱ
870 3654 905 3716 δὲ
923 3655 1002 3717 πολ·
1052 3657 1138 3717 Phot.
1173 3651 1312 3732 μάμμην
1348 3657 1406 3733 τὴν

225 3741 284 3804 τὸν
298 3741 420 3819 πατέρα
433 3739 463 3804 οἱ
477 3738 545 3815 Ἀτ-
575 3741 625 3805 λοὶ
640 3737 759 3826 (Nauck
776 3767 803 3823 p.
824 3748 884 3806 139
900 3765 929 3807 n.
945 3739 1001 3826 25)
1030 3743 1149 3820 μητέρα
1169 3745 1331 3807 καλοῦςιν·
1356 3744 1406 3807 καὶ

225 3829 305 3893 τικοὶ
336 3828 544 3908 ὑποκορίζον-
574 3828 1002 3910 ἀκύρωςμάμμηνκαὶμαῑαν·
1030 3829 1176 3909 μαμμίαν.
1206 3831 1330 3897 καὶτὸν
1346 3854 1406 3896 πα-

225 3939 276 3982 ται
290 3967 297 3982 .
310 3967 316 3982 .
327 3968 333 3981 .
344 3918 395 3982 καὶ
410 3918 546 3984 πάππαν
574 3918 700 3998 μάμμην
718 3919 779 3998 γάρ
799 3917 932 3984 Ἀττικοὶ
951 3919 1002 3983 καὶ
1028 3920 1106 3997 τέρα
1117 3918 1254 3985 πάππαν
1261 3921 1313 4008 καὶ
1323 3942 1406 3985 παπ-

224 4007 283 4072 τὸν
302 4008 426 4085 πατέρα
448 4006 546 4087 μόνος
574 4007 764 4091 μαμμ[α]ίαν
794 4010 852 4088 τὴν
883 4008 1001 4088 μητέρα
1030 4007 1115 4073 πίαν.

226 4095 245 4159 ὁ
264 4101 347 4174 παῖς,
370 4095 476 4175 ὥςπερ
495 4098 546 4160 καί
574 4101 730 4177 καλοῖιςιν,
745 4100 785 4177 ἣν
795 4099 831 4162 δέ
844 4097 875 4162 οἱ
885 4097 1001 4162 πολλοὶ
1046 4101 1132 4162 Phot.
1141 4097 1306 4178 μαῖαν·ιίις
1315 4097 1404 4175 ἡμεῖς

226 4185 366 4271 (μάμμην
383 4182 448 4272 καλ)
467 4206 545 4265 μαμ-
574 4188 673 4266 τήθην
695 4187 819 4266 τηθίδα,
845 4191 941 4265 μαῖαν
965 4185 1000 4249 δὲ
1028 4188 1087 4266 τὴν
1110 4184 1350 4268 ὀμφαλητόμον.
1383 4183 1402 4262 ἡ

225 4275 299 4354 μίαν
337 4275 395 4354 τὴν
428 4277 546 4356 μητέρα
573 4274 618 4338 ὡς
632 4276 721 4355 ἡμεῖς
735 4278 792 4354 τὴν
807 4276 870 4339 ὑπὸ
885 4274 1001 4341 Ἰώνων
1029 4277 1064 4340 δὲ
1093 4272 1321 4356 ὀμφαλητόμος
1348 4270 1404 4338 Ἰα-

224 4365 275 4428 καὶ
294 4365 334 4429 τά
353 4363 456 4443 ὅμοια.
573 4363 819 4444 ὀμφαλητόμον,
862 4364 906 4428 ὡς
950 4365 1001 4428 καὶ
1029 4366 1086 4431 κὸν
1110 4367 1232 4444 μᾶλλον
1255 4360 1367 4444 ὄνομα.

574 4453 718 4533 ἀλλαχοῦ
742 4455 902 4532 δηλοῦται.

1540 1067 1542 1164 λ
