3102 5158
241 264 306 332 358
708 265 834 339 heopold
852 265 943 324 Oohnr

238 438 283 496 IV
307 439 348 496 23
377 436 507 514 Diog.V
533 439 553 496 4
581 428 622 519 (ν.
646 456 710 514 sup.
733 441 795 498 not.
820 431 899 517 137)
924 442 955 498 et
977 438 1138 498 scholiasta
1162 435 1296 498 Platonis
1321 439 1421 518 chg.

147 568 150 572 -
240 526 299 586 XII
319 528 415 586 acce.
453 527 574 587 brevius
593 526 696 585 eadem
716 527 841 586 tradunt
859 528 989 604 Hesych.
1008 529 1039 588 ct
1057 521 1203 610 Phot.¹⁵⁸)
1224 548 1247 589 s.
1261 549 1288 592 v.
1308 525 1328 604 ἢ
1348 527 1420 605 τρὶ(

239 613 272 678 ἓξ
291 613 311 692 ἢ
330 615 416 688 τρεῖ(
434 610 532 691 κύβοι.

330 704 458 765 Versum
479 698 624 780 βέβληκ’
642 698 805 778 Ἀχιλλεύ(
829 701 888 764 δύο
907 700 993 782 κύβω
1018 702 1068 765 καὶ
1087 700 1235 780 τέτταρα’
1255 706 1421 766 Suetonius
1537 723 1538 742 ¹

241 795 312 854 olim
335 793 492 866 exstitisse⁸
511 797 615 853 uenat
637 794 668 852 in
693 794 846 869 Euripidis
866 794 1010 870 Telepho,
1041 795 1092 854 sed
1117 798 1276 872 postquam
1302 794 1421 856 Aristo-

239 884 352 959 phancs
372 873 461 964 (Ean.
483 873 583 962 1400)
608 901 727 942 versum
746 883 984 960 perstrinxisset,
1003 887 1099 943 totum
1118 884 1293 960 Euripidem
1313 881 1418 945 ἐπει(-

242 966 334 1032 6διον
358 972 526 1031 sustulisse.
563 971 642 1030 idem
664 971 844 1032 Aristoxeno
867 977 989 1032 auctore
1007 973 1132 1033 trudunt
1155 973 1367 1033 Zenob.1185
1388 978 1420 1033 ct

241 1061 332 1132 schol.
351 1060 404 1121 Ar.
423 1061 497 1120 Itan.
519 1061 613 1120 1400.
651 1060 777 1120 eundem
800 1061 952 1138 Euripidis
976 1079 1096 1122 versum
1119 1061 1225 1122 laudat
1242 1062 1330 1122 Phot.
1347 1059 1419 1137 τρὶ(

243 1147 276 1212 ἓξ
295 1147 314 1223 ἢ
334 1148 419 1222 τρεῖ(
437 1145 536 1224 κύβοι.
544 1141 595 1230 119)

256 1319 261 1327 ·
328 1237 393 1298 Iam
407 1235 1116 1314 Eustathiuep.1397adnominietpnnevixxur
1133 1240 1416 1316 interpretationem
1537 1241 1538 1270 1

242 1328 360 1403 transit,
379 1347 407 1402 p.
425 1329 509 1386 1083
528 1346 599 1387 vero
618 1347 650 1387 se
665 1327 801 1388 omisisse
820 1328 934 1404 aliquid
951 1329 1052 1388 verbis
1071 1328 1183 1388 indicat
1201 1329 1294 1388 hisce:
1314 1324 1359 1388 ὡ(
1379 1327 1415 1389 δὲ
1537 1387 1538 1400 ,

241 1413 292 1476 καὶ
310 1409 384 1477 καθ’
404 1411 536 1476 ἕκα(τον
555 1412 654 1492 κύβον
666 1413 768 1492 ἤγουν
783 1411 856 1476 καθ’
872 1412 1005 1492 ἑκὰ(την
1028 1413 1153 1492 μονάδα
1171 1413 1303 1479 ἔπαιζον
1318 1413 1416 1492 ἀργυ-

241 1499 321 1580 ρίοι(
344 1500 514 1579 ὁρίίαντε(
552 1507 652 1581 explet
674 1507 811 1564 lacunam
836 1505 944 1566 Pollux
961 1507 1003 1564 IX
1024 1508 1169 1580 95-96,
1194 1508 1246 1583 qui
1269 1507 1343 1565 illud
1363 1525 1416 1566 κυ-

242 1589 327 1668 βεὶα(
346 1613 441 1670 genus
460 1589 725 1670 πλειττοβολίνδα
735 1587 785 1675 111)
805 1596 947 1670 appellat.
985 1615 1074 1672 quem
1092 1597 1192 1655 lusum
1218 1597 1292 1654 sutis
1311 1597 1418 1656 obscu-

241 1703 308 1742 rum
326 1682 476 1759 probabili
498 1683 615 1742 ratione
634 1684 805 1759 explanavit
823 1684 905 1761 Becq
923 1685 959 1744 dc
978 1685 1161 1760 Eouquihres
1182 1679 1254 1763 (Les
1269 1687 1344 1760 jeux
1363 1686 1416 1744 des
1537 1657 1538 1694 l

241 1772 360 1832 anciene
379 1792 407 1847 p.
427 1766 516 1852 315),
534 1772 592 1830 nisi
611 1773 691 1849 quod
709 1774 867 1849 pristinam
887 1775 1045 1834 lectionem
1062 1770 1101 1833 τύ
1114 1773 1281 1847 τριμναῖον
1300 1773 1417 1832 frustra

241 1865 359 1934 tuetur,
380 1880 469 1937 quam
489 1863 600 1923 dudum
619 1864 813 1922 correxerunt
830 1863 860 1920 in
880 1860 917 1921 τὸ
941 1864 1044 1937 τρῆμα
1064 1862 1200 1936 μνααῑον
1219 1859 1269 1942 (cl.
1286 1863 1414 1922 Meinelr.
1537 1865 1538 1908 1

242 1949 324 2010 Gom.
337 1950 368 2008 H
384 1946 471 2030 709).
494 1981 531 1992 -
552 1946 816 2027 πλεκτοβολίνδα
834 1952 972 2010 ludentes
991 1952 1091 2011 dorico
1109 1951 1255 2012 vocabulo
1275 1950 1416 2011 diceban-

242 2041 293 2098 tur
311 2034 513 2115 τρηματίκται
533 2033 613 2099 εἀπὸ
632 2039 698 2100 τύιν
716 2038 753 2100 ἐν
771 2041 840 2100 τοῑ(
859 2036 965 2115 κύβοι(
985 2033 1177 2115 τρημάτων’,
1198 2043 1232 2099 ut
1251 2039 1414 2100 Suetonius

243 2119 344 2210 (Eust
363 2122 435 2208 ML)
456 2130 486 2188 et
504 2128 610 2188 Pollux
630 2131 782 2189 adnotant.
818 2131 892 2188 item
911 2130 1039 2206 Hesych.
1058 2124 1280 2204 τρηματικτάε·
1303 2129 1416 2204 κυβευ-

242 2212 299 2276 τὰ(
317 2213 383 2278 ἀπὸ
401 2217 467 2277 τῶν
486 2213 522 2277 ἐν
541 2217 609 2276 τοῑ(
625 2214 732 2293 κύβοι(
751 2213 984 2292 τρημάτων-
1005 2219 1142 2296 sequitur
1159 2218 1339 2277 vocabulum
1354 2235 1416 2277 (κι-

243 2299 362 2381 ράφεια
380 2305 554 2366 aSuotonio
574 2309 605 2365 et
619 2307 740 2366 Polluce
758 2309 796 2367 ab
815 2327 849 2366 eo
868 2309 933 2367 loco
952 2307 1129 2384 derivatum,
1148 2307 1200 2365 ubi
1215 2307 1416 2366 Athenienses

242 2395 419 2472 plerumque
438 2396 559 2455 tesseris
578 2397 682 2455 ludere
702 2396 845 2456 solebant.
879 2400 1047 2472 congruunt
1066 2396 1195 2473 Hesych.
1215 2415 1237 2455 s.
1257 2416 1284 2456 v.
1304 2393 1354 2472 (κ[
1373 2393 1415 2471 ]ι-

243 2477 419 2568 ραφ(ε)ιον,
440 2485 582 2561 Harpocr.
603 2503 625 2544 s.
644 2506 672 2545 v.
697 2479 857 2560 (κιράφια,
882 2484 983 2560 Steph.
1002 2486 1072 2562 Byr.
1092 2505 1114 2544 s.
1134 2505 1161 2544 v.
1183 2481 1302 2559 (κίρο(.
1339 2484 1415 2543 alias

244 2573 443 2634 derivationes
463 2573 577 2633 addunt
600 2573 686 2633 Phot.
712 2593 735 2633 s.
753 2595 794 2648 v.,
818 2575 873 2634 lex.
897 2576 973 2634 rhet.
997 2575 1090 2634 Behk.
1111 2575 1189 2650 300,
1209 2577 1250 2633 23
1271 2567 1333 2655 (Et
1355 2575 1417 2650 hlg.

242 2665 319 2737 717,
341 2656 407 2744 28).
433 2695 475 2706 —
499 2657 672 2738 (κιρύιφουε
697 2663 754 2722 ML
781 2664 905 2723 tradunt
932 2665 1078 2740 appellari
1100 2660 1177 2722 τού(
1200 2659 1415 2736 πανούργουε,

240 2751 419 2811 Eustathius
448 2746 553 2811 πάντα
582 2747 622 2810 τὰ
655 2751 914 2827 πανουργήματα.
959 2752 1119 2812 Ereseuius
1147 2752 1289 2812 Eustathi
1320 2752 1416 2811 verba

242 2843 383 2916 corrupta
400 2839 521 2900 videtur
536 2840 730 2901 existimasse.
765 2841 816 2900 sed
835 2841 873 2901 ad
888 2841 1084 2918 Hipponactis
1103 2841 1195 2901 uerba
1213 2836 1242 2899 τί
1257 2857 1294 2916 με
1310 2835 1414 2915 (κιρά-

240 2944 316 3003 φοι(
341 2923 518 2989 ἀτιτάλλει(
544 2930 683 2990 Eustathi
710 2930 988 3006 interpretationem
1016 2931 1127 3006 optime
1150 2929 1299 3007 quadrare
1322 2931 1416 2988 mani-

240 3018 425 3078 factumest.
463 3022 494 3077 et
516 3017 658 3078 Eustathi
678 3023 709 3078 et
732 3039 791 3081 exo.
810 3020 866 3078 ML
890 3022 983 3081 verba
1006 3020 1113 3079 mutila
1131 3020 1272 3080 uidentur
1295 3036 1361 3077 esse
1385 3023 1417 3078 et

241 3106 411 3182 Suetonius,
430 3106 461 3164 ni
480 3107 580 3182 fallor,
600 3107 642 3168 sic
662 3107 796 3184 scripsit:
822 3103 898 3168 ὅθεν
921 3104 973 3168 καὶ
992 3105 1067 3168 τοὺ(
1086 3105 1291 3181 πανούργου(
1311 3102 1415 3181 (κιρά-

240 3211 325 3269 φου(
344 3191 482 3256 ἐκάλουν
504 3192 556 3256 καὶ
574 3191 679 3256 πάντα
698 3194 738 3256 τὰ
757 3195 1008 3272 πανουργήματα
1028 3193 1194 3273 (κίραφα
1212 3190 1277 3257 ἀπὸ
1301 3197 1356 3273 τῆ(
1378 3193 1416 3256 ἐν

241 3279 434 3359 (κιραφείοκ
458 3279 669 3364 ρᾳδιουργία(
706 3282 863 3348 Ἱππῶναξ
882 3284 947 3346 κτλ.

329 3373 435 3450 Pergit
457 3375 635 3435 Eustathius
654 3377 693 3435 ad
715 3371 905 3436 πεττείαν.
913 3368 965 3456 161)
1003 3376 1033 3434 in
1053 3375 1245 3435 describendo
1269 3375 1325 3434 hoc
1343 3375 1413 3434 lusu

240 3463 429 3522 consentiunt
448 3463 509 3523 fere
523 3463 683 3525 Suetonius
703 3467 733 3525 et
747 3465 861 3540 Pollux,
880 3464 940 3523 nisi
956 3465 1033 3540 quod
1053 3464 1101 3524 hic
1115 3463 1269 3543 Sophoclis
1288 3483 1411 3524 versum

242 3545 356 3611 ‘nectet
380 3544 665 3634 πεντέγραμμα111)
689 3549 739 3613 καὶ
763 3550 869 3629 κύβων
890 3547 1002 3628 βολά(’
1031 3553 1169 3613 laudasse
1197 3553 1272 3613 satis
1295 3553 1411 3629 habuit,

239 3641 290 3699 ille
309 3642 430 3716 praeter
444 3639 618 3716 Sophoclem
636 3645 730 3702 testas
750 3643 837 3702 affert
852 3641 1035 3718 Sophronam
1051 3643 1193 3702 Alcaeum
1207 3642 1408 3702 Theocritum.

240 3729 361 3804 singula
388 3729 492 3788 eadem
518 3731 635 3790 ratione
662 3732 797 3807 exposita
820 3731 900 3808 apud
927 3732 1151 3808 lexicographos
1179 3734 1211 3790 et
1234 3731 1410 3790 scholiastae

315 3883 360 3950 ¹⁶⁸)
384 3883 467 3939 Pulso
485 3883 580 3938 Nabar
604 3883 722 3948 adnotat
739 3883 920 3940 Eustathium
938 3902 965 3954 p.
988 3888 1057 3938 1083
1084 3882 1163 3951 sequi
1180 3882 1355 3938 Pausaniam.
1376 3913 1410 3922 -

243 3953 290 4022 111)
312 3953 380 4007 Post
398 3955 484 4010 verba
506 3954 533 4008 οἱ
552 3955 601 4020 μὲν
619 3957 678 4022 τρὶ(
701 3955 728 4011 ἓξ
747 3955 839 4023 νίκην,
863 3956 890 4010 οἱ
909 3957 938 4010 δὲ
956 3961 1030 4022 τρεῖ(
1052 3957 1130 4021 κύβοι
1153 3955 1228 4008 κενοί
1250 3954 1410 4008 addendum

239 4025 351 4079 videtur
368 4023 457 4091 ἧτταν
480 4025 551 4096 (scil.
570 4027 709 4096 οηλοῦειν)
734 4027 797 4082 coll.
817 4027 916 4081 Zenob.
936 4026 975 4081 IV
995 4033 1036 4080 23.
1063 4057 1094 4066 —
1120 4042 1171 4095 pro
1191 4025 1282 4080 verbis
1306 4027 1356 4079 ἕνα
1380 4027 1410 4078 δὲ

239 4097 291 4150 τόν
309 4097 444 4163 τέταρτον
463 4096 645 4152 scribendum·
659 4103 702 4152 est
720 4099 769 4151 ἕνα
788 4099 819 4152 δὲ
837 4099 876 4153 τὰ
893 4098 1049 4164 τέτταρα,
1066 4128 1098 4136 -
1122 4097 1168 4166 ¹⁸⁰)
1186 4095 1409 4162 πλειετοβολίνδα

240 4184 328 4236 genus
343 4183 453 4236 quoquc
463 4169 679 4236 ἀετραγαλιεμού
690 4169 835 4224 dicebatur
849 4170 895 4239 (ol.
910 4169 980 4222 Pell.
992 4167 1031 4220 IX
1042 4174 1091 4222 111
1106 4169 1224 4236 Hesych.
1236 4186 1256 4222 s
1268 4169 1315 4234 v.)‚
1331 4167 1410 4222 cuius

240 4239 318 4292 lusus
337 4241 495 4308 exemplum
514 4237 628 4294 exhibet
646 4239 721 4295 Suet.
742 4243 813 4310 Aug.
833 4246 875 4294 71.
896 4270 929 4280 —
952 4239 997 4308 111)
1016 4237 1094 4294 Euat.
1113 4258 1140 4308 p.
1160 4245 1220 4306 633,
1241 4245 1275 4293 58
1294 4238 1364 4292 dicit
1383 4238 1410 4292 οἱ

240 4312 404 4376 κυβεύοντε(
425 4329 475 4380 pro
495 4311 521 4364 oi
538 4312 731 4379 πεττεύοντα,
756 4313 841 4380 atquc
859 4311 902 4364 ita
924 4309 1050 4378 saepius:
1072 4328 1138 4364 num
1162 4310 1256 4376 κυβεία
1279 4309 1410 4363 vocabuli

240 4397 306 4435 usus
325 4381 409 4436 latius
428 4383 553 4452 patebat.
573 4381 834 4437 cf.P011.V1[roe.
858 4381 933 4450 Becq
953 4381 988 4435 de
1001 4382 1171 4450 Eouquicres
1186 4383 1203 4434 l.
1219 4381 1237 4435 l.
1257 4399 1283 4450 p.
1298 4386 1361 4435 302.
1375 4411 1411 4419 —-

244 4451 290 4524 111)
309 4453 392 4508 Ealsa
405 4456 450 4509 est
463 4452 593 4509 Eustathi
606 4453 744 4525 scriptura
756 4454 963 4522 πεντάγραμμα.
979 4451 1013 4508 cf.
1030 4451 1119 4506 Cobet
1133 4453 1203 4506 Nou.
1219 4451 1293 4505 Lect.
1309 4469 1336 4522 p.
1349 4458 1409 4510 716.
