3102 5158
224 253 290 320 340
688 253 813 324 Leopchl
832 253 924 308 Cohn:

223 423 393 483 illustribus
407 423 610 498 grammaticis
625 424 824 483 Eratosthene
834 423 994 483 Polemone
1005 421 1207 498 Aristophane
1222 423 1398 486 Aristarcho

224 513 290 571 aliis
310 519 380 588 apte
399 511 610 589 comparares?
646 532 706 573 non
723 513 821 571 multa
840 515 910 571 sunt
928 512 1081 572 hominum
1100 512 1182 572 illius
1201 513 1310 573 aetatis
1329 535 1398 590 pro-

223 602 282 678 prii
300 601 412 678 ingenii
436 601 634 678 propriaeque
658 601 810 662 doctrinae
829 602 1014 662 documenta.
1054 602 1127 660 satis
1151 600 1196 660 illi
1219 603 1398 680 plerumque

88 720 103 738 ν
221 691 394 750 habuerunt
418 693 642 750 antecessorum
665 692 763 767 copias
783 690 955 751 exhausisse
980 708 1157 766 sparsasque
1179 691 1311 767 undique
1329 713 1399 754 eon-

222 779 355 856 gessisse
369 797 403 838 ac
417 781 563 840 lectorum
577 780 645 840 usui
659 781 905 840 accommodasse.
929 798 984 839 nos
999 783 1100 839 autem
1114 779 1254 855 quoniam
1269 781 1397 842 adversa

224 870 343 928 fortuna
361 869 514 928 veteribus
529 888 563 928 ac
581 869 731 944 primariis
749 869 884 930 fontibus
899 868 1082 929 Graecorum
1100 869 1276 929 eruditionis
1295 889 1397 946 gram·

223 958 350 1016 maticae
367 958 507 1018 destituti
525 977 642 1034 sumus,
661 959 793 1018 contenti
812 977 878 1018 esse
902 957 1044 1033 debemus
1064 958 1105 1017 eis
1125 975 1200 1033 quae
1220 958 1394 1034 epitomato-

223 1067 289 1107 rum
309 1047 446 1106 manibus
461 1048 657 1108 multifariam
672 1048 811 1107 mutilata
827 1051 858 1107 et
871 1050 1012 1123 corrupta
1025 1049 1155 1106 aetatem
1169 1047 1313 1108 tulerunt.
1342 1051 1396 1110 sed

223 1140 360 1196 nostrum
380 1137 552 1196 catharum
571 1138 712 1213 antiquae
732 1137 883 1196 doctrinae
901 1136 1097 1212 reliquiarum
1119 1135 1277 1211 primarios
1295 1137 1395 1198 fontes

222 1226 378 1310 indagare,
397 1225 555 1301 pristinam
572 1226 716 1286 librorum
732 1225 945 1302 condicionem,
966 1225 990 1284 si
1009 1225 1092 1298 licet,
1111 1225 1284 1300 restituere,
1309 1247 1395 1286 suam

223 1314 329 1391 cuique
352 1314 468 1374 auctori
491 1315 729 1375 observationem
752 1315 890 1391 reddere,
914 1317 1049 1374 veterum
1073 1317 1234 1390 praecepta
1257 1315 1396 1377 observa-

221 1404 378 1479 tionesque
402 1403 531 1463 liberare
554 1405 592 1463 ab
616 1404 721 1463 alienis
747 1407 836 1480 atque
854 1404 965 1480 ineptis
984 1403 1217 1480 Byzantinorum
1240 1405 1396 1464 hominum

223 1492 444 1552 additamentis.
473 1511 507 1552 ac
525 1493 623 1552 fontes
638 1493 757 1569 quidem
775 1493 921 1553 librorum
939 1492 1205 1567 grammaticorum
1218 1492 1299 1553 illius
1314 1497 1396 1554 aeta-

223 1583 261 1642 tis
280 1581 463 1658 investigare
482 1601 517 1641 eo
537 1585 583 1642 est
601 1583 689 1642 valde
708 1582 840 1655 difficile,
859 1582 938 1658 quod
956 1581 988 1640 in
1005 1583 1061 1642 hoc
1079 1577 1200 1643 λέξεων
1219 1581 1396 1644 eruditionis

98 1683 107 1696 ·
222 1689 331 1747 genere
355 1670 528 1730 incredibile
547 1674 691 1748 quantum
710 1672 846 1731 celeriter
871 1671 1083 1747 epitomatores
1108 1688 1173 1730 sese
1199 1671 1396 1747 excipiebant.

224 1759 398 1835 excerpendi
416 1761 599 1820 consuetudo
618 1763 681 1820 tam
700 1761 833 1836 amplum
855 1761 986 1822 habebat
1005 1759 1148 1835 spatium,
1176 1762 1288 1818 utnon
1306 1763 1395 1822 modo

100 1871 107 1886 ·
224 1849 388 1924 discipulus
407 1849 587 1926 magistrum
605 1868 710 1908 uerum
730 1851 821 1909 etiam
840 1850 973 1926 aequalis
993 1848 1150 1924 aequalem
1169 1849 1357 1909 exscriberet.

312 1937 431 2014 Agmen
456 1938 687 2013 epitomatorum
711 1939 793 1998 ducit
810 1938 959 2015 Didymus
979 1937 1204 2012 Chalcenterus,
1228 1937 1280 2013 qui
1299 1941 1395 1998 totam

222 2029 285 2086 fere
303 2028 568 2104 grammaticorum
582 2027 853 2087 Alexandrinorum
872 2027 1037 2087 doctrinam
1056 2026 1154 2086 animo
1169 2026 1394 2102 comprehendit

222 2136 256 2176 ac
274 2117 433 2193 permultis
451 2118 484 2176 in
501 2119 605 2193 poetas
620 2117 839 2193 scriptoresque
853 2117 1000 2192 pedestris
1016 2115 1158 2175 orationis
1173 2117 1394 2177 commentariis

223 2209 254 2264 et
273 2202 392 2266 λέξεων
413 2206 537 2282 syllogis
553 2210 583 2266 et
596 2205 680 2266 libris
695 2207 894 2266 miscellaneis
913 2205 1087 2265 illustravit.
1115 2204 1277 2281 aDidymo
1292 2225 1394 2266 omncs

221 2295 284 2353 fere
301 2294 431 2369 pendent
445 2295 496 2370 qui
510 2299 579 2370 post
592 2313 660 2354 eum
678 2296 710 2353 in
723 2296 770 2354 his
787 2295 892 2354 studiis
907 2294 1020 2354 versati
1034 2296 1112 2354 sunt.
1137 2293 1291 2369 inquibus
1306 2314 1393 2370 prae·

220 2387 268 2442 ter
286 2386 400 2443 ceteros
417 2383 544 2460 insignis
563 2384 622 2442 fuit
635 2384 817 2460 Pamphilus,
837 2383 887 2458 qui
901 2383 1118 2459 amplissimum
1138 2385 1169 2442 et
1187 2383 1394 2442 doctissimum

219 2472 335 2532 lexicon
353 2473 521 2548 glossarum
546 2476 577 2533 et
599 2491 700 2531 rerum
718 2472 895 2533 notabilium
919 2468 1006 2549 (περὶ
1029 2470 1181 2544 γλωεεῶν
1205 2467 1256 2530 καὶ
1274 2466 1393 2546 ὀνομά-

220 2553 301 2642 των)
322 2557 402 2621 κατὰ
420 2561 578 2636 ετοιχεῑον
596 2582 614 2621 a
629 2562 793 2639 Zopyrione
812 2562 941 2638 quodam
960 2565 1098 2636 coeptum
1117 2561 1293 2636 composuit,
1313 2562 1393 2637 quod

220 2651 300 2710 haud
319 2651 414 2710 multo
428 2654 529 2728 posta
546 2652 680 2727 pluribus
699 2652 731 2710 in
750 2651 899 2727 epitomen
913 2651 1069 2711 redactum
1088 2653 1143 2709 est.
1175 2667 1267 2726 quare
1285 2650 1392 2710 lexico-

220 2739 328 2816 graphi
346 2739 494 2800 minorum
513 2741 650 2800 ordinum
674 2743 776 2800 utrum
795 2739 956 2816 Didymum
976 2759 1014 2798 an
1033 2739 1223 2814 Pamphilum
1245 2757 1284 2798 an
1303 2739 1392 2798 huius

221 2830 433 2904 epitomatores
452 2828 658 2902 adhibuerint,
676 2829 853 2904 plerumque
873 2828 993 2888 difficile
1012 2829 1059 2888 est
1076 2828 1240 2904 intellectu,
1259 2847 1394 2904 praeser-

220 2919 362 2977 timeum
381 2937 455 2994 opus
474 2919 681 2994 Pamphileum
699 2919 794 2978 multo
818 2917 916 2978 rarius
941 2917 1052 2978 diserte
1078 2917 1219 2976 laudetur
1237 2936 1327 2992 quam
1345 2937 1392 2976 ex-

220 3008 348 3083 pilatum
368 3026 432 3067 esse
451 3008 596 3068 videatur.
1111 3048 1113 3052 ν

233 3097 246 3124 ·
310 3095 469 3156 Suetonius
480 3097 672 3172 Tranquillus
687 3115 754 3155 cum
769 3114 875 3172 graece
891 3095 1039 3154 scriberet
1052 3094 1089 3154 de
1105 3093 1227 3154 Graecis
1242 3094 1394 3155 uocabulis

221 3185 434 3244 contumeliose
450 3186 611 3261 usurpatis,
630 3185 701 3262 quid
715 3185 823 3244 mirum
843 3185 921 3261 quod
941 3183 1112 3260 aequalium
1127 3182 1309 3243 Graecorum
1328 3203 1394 3244 con·

221 3273 408 3334 suetudinem
440 3275 578 3335 imitatus
607 3273 674 3335 est?
717 3275 835 3334 etiamsi
864 3273 986 3332 titulum
1019 3273 1089 3332 libri
1117 3268 1190 3347 περὶ
1218 3271 1393 3348 δυεφήμων

221 3361 341 3426 λέξεων
359 3361 378 3438 ἢ
400 3363 606 3440 βλαεφημιῶν
625 3361 799 3423 aSuetonio
818 3364 974 3422 inventum
987 3362 1162 3436 iudicemns‚
1182 3365 1393 3438 argumentum

220 3455 300 3512 certe
320 3451 526 3529 βλαεφημιῶν
549 3454 652 3529 procul
674 3453 764 3513 dubio
788 3453 878 3512 etiam
901 3452 984 3527 prius
1006 3452 1066 3510 fuit
1084 3453 1260 3525 tractatum,
1284 3454 1319 3511 ut
1341 3451 1390 3512 vix

221 3543 313 3600 ullam
327 3541 458 3618 glossam
473 3542 633 3601 Suetonius
647 3542 761 3617 primus
775 3542 945 3600 illustrasse
966 3540 1181 3600 existimandus
1196 3539 1243 3598 sit.
1271 3541 1391 3616 scripsit

220 3631 341 3690 Polemo
361 3629 571 3706 Aristophanis
591 3629 728 3706 Byzantii
747 3631 879 3706 aequalis
900 3629 1058 3705 epistulam
1078 3625 1150 3702 περὶ
1170 3622 1297 3689 ἀδόξων
1316 3624 1390 3689 ὀνο-

223 3715 331 3794 μάτων
350 3712 472 3799 (Athen.
492 3719 534 3777 IX
554 3709 672 3796 read),
694 3719 778 3778 cuius
799 3720 919 3779 doctum
938 3718 974 3778 de
993 3712 1165 3791 uuodcrroc
1187 3717 1315 3776 nominis
1334 3737 1391 3778 usu

220 3807 340 3884 proprio
355 3810 386 3867 et
400 3802 505 3887 ἀδόξῳ
520 3808 723 3885 fragmentum
739 3809 870 3868 servavit
883 3808 992 3866 Athen.
1001 3805 1045 3864 VI
1056 3805 1144 3864 held
1156 3823 1237 3882 seqq.
1253 3797 1391 3886 (heller,

220 3897 332 3956 Polem.
352 3897 410 3973 frg.
425 3918 452 3973 p.
470 3891 556 3976 114).
588 3897 620 3954 in
639 3897 785 3976 excerptis
805 3895 993 3956 Suetonianis
1014 3889 1185 3968 παράειτοε
1204 3914 1264 3954 non
1283 3913 1391 3954 memo·

221 3990 318 4062 ratur,
343 3986 408 4045 etsi
437 3984 643 4062 βλαεφημιῶν
671 3989 848 4063 argumento
877 3985 988 4060 optime
1015 3984 1162 4043 convenit.
1211 3984 1264 4044 sed
1292 3981 1388 4042 simile

221 4075 399 4136 vocabulum
414 4078 460 4135 est
473 4071 647 4148 τραπεζεύε
665 4074 697 4133 in
711 4074 892 4134 carminibus
907 4073 1072 4132 Homericis
1087 4073 1151 4133 sine
1167 4074 1229 4132 ulla
1242 4072 1389 4144 vitupera-

221 4165 302 4224 tione
317 4165 354 4224 de
369 4164 492 4224 canibus
507 4164 619 4222 dictum
634 4157 675 4244 (Χ
692 4165 742 4224 69.
758 4160 787 4223 Ψ
804 4165 874 4222 173.
895 4179 912 4236 ρ
928 4153 1021 4244 309);
1041 4161 1203 4222 Suetonius
1216 4151 1390 4233 τραπεζεύς

221 4254 252 4311 in
270 4253 402 4313 convicia
416 4249 461 4314 sic
475 4247 654 4327 ἀπλήετουε
669 4252 789 4328 recepit,
808 4269 914 4327 nempe
929 4250 1073 4326 quianon
1091 4251 1166 4309 nulli
1179 4245 1390 4309 contumeliose

222 4360 276 4418 pro
295 4342 428 4420 parasito
447 4343 605 4402 sumebant
624 4333 723 4421 (velut
740 4340 870 4399 Aristias
889 4340 1000 4400 Phlias.
1019 4361 1065 4418 ap.
1084 4340 1191 4399 Athen.
1206 4334 1261 4394 XV
1278 4329 1388 4416 esea).

223 4432 346 4494 consilio
365 4435 465 4493 tamen
480 4432 639 4493 Suetonius
658 4449 676 4492 a
695 4430 855 4536 Polemone
874 4430 1058 4510 discrepasse
1077 4428 1202 4490 videtur.
1234 4443 1304 4487 nam
1323 4444 1390 4487 cum
