3102 5158
142 247 185 306 De
200 247 387 320 Aristophane
401 229 537 320 Byzantio
552 249 581 304 et
594 243 728 305 Suetonio
744 243 906 318 Tranquillo
921 246 1053 304 Eustathi
1067 245 1235 304 auctoribus.
1256 243 1321 310 343

143 420 237 480 libros
257 419 362 498 coegit.
391 397 494 480 sedne
508 420 581 480 haec
597 418 716 495 quidem
730 421 828 479 forma
842 419 980 480 omnibus
995 419 1115 484 videtur
1132 417 1322 485 satisfecisse.

144 509 224 584 qnod
242 528 310 568 oum
328 509 530 587 Diogenianus
551 508 763 588 intellexisset,
787 509 953 585 Pamphilei
973 510 1071 586 operis
1090 510 1187 569 forma
1206 508 1323 566 abiecta

35 625 41 631 ¹
142 617 254 658 novum
267 599 383 659 lexicon
397 592 470 658 καθ’
484 594 616 658 ἕκαςτον
636 599 797 674 ττοιχεῑον-
809 617 862 658 suo
877 599 974 658 Marte
989 616 1165 674 componere
1181 596 1321 674 instituit,

144 688 224 763 quod
250 688 386 748 omnibus
411 688 552 748 studiosis
580 688 611 746 in
640 688 836 764 scriptoribus
864 688 998 765 legendis
1022 687 1218 747 utilissimum
1242 689 1323 745 esset

143 775 363 837 adiumentum:
381 773 492 851 ἡγεῖτο
507 772 577 852 γάρ,
597 771 691 852 οἶμαι,
711 775 750 852 μὴ
771 772 881 851 μόνοι(
900 772 1063 837 electior(
1082 771 1165 836 ἀλλὰ
1184 771 1236 835 καὶ
1253 773 1322 834 τοῖτ

145 863 255 940 πένηει
278 864 344 925 τῶν
368 860 550 940 ἀνθρώπων
574 863 790 946 χρηειμεύεειν
814 882 848 926 τε
873 863 923 925 καὶ
948 859 1018 925 ἀντὶ
1040 860 1243 925 οιοαεκάλων
1266 857 1321 936 ἀρ-

145 951 246 1014 κέκειν
265 949 355 1032 αὐτά,
375 950 403 1014 εἰ
422 951 523 1029 μόνον
538 949 822 1030 περιεργαεάμενοι
836 949 1042 1030 πανταχόθεν
1056 949 1204 1028 ἀνευρεῖν
1222 952 1322 1012 ταῦτα

144 1041 311 1117 δυνηθεῖεν
335 1040 386 1103 καὶ
409 1041 574 1118 ἐγκρατεῖ(
598 1039 705 1104 αὐτῶν
728 1042 874 1117 γενὲεθαι
898 1041 1041 1121 (Hesyoh.
1066 1062 1111 1120 ep.
1130 1043 1169 1102 ad
1193 1034 1323 1122 Eulog.).

143 1133 200 1190 hoc
214 1132 310 1208 igitur
327 1132 421 1193 lexico
438 1133 554 1194 efficere
569 1134 666 1193 voluit
679 1134 893 1211 Diogenianus‚
913 1137 946 1192 ut
960 1133 1132 1208 Pamphiles
1153 1151 1242 1207 opere
1257 1131 1322 1190 sine

146 1222 206 1280 ullo
222 1222 403 1281 detrimento
417 1223 512 1282 careri
526 1241 613 1298 posse
627 1223 763 1282 homines
778 1223 993 1282 existimarent.
1017 1218 1322 1295 Περιεργοπένητεε,

145 1311 224 1386 quod
239 1311 277 1369 ad
292 1315 502 1388 argumentum
517 1315 640 1387 spectat,
655 1312 731 1370 nihil
745 1313 827 1370 aliud
842 1314 928 1372 erant
941 1311 999 1371 nisi
1014 1312 1152 1388 Itpitome
1172 1310 1323 1386 breviata3

147 1400 246 1458 forma
264 1402 382 1459 tantum
401 1401 489 1476 plane
510 1401 629 1460 diversa
646 1401 713 1460 fnit.

234 1488 440 1566 Pamphilum,
469 1509 536 1549 cum
559 1507 633 1566 opus
659 1508 746 1549 suum
770 1490 923 1567 conderet,
952 1489 1144 1566 praecipuum
1170 1491 1322 1548 auctorem

145 1577 203 1636 sibi
222 1578 369 1654 delegisse
388 1578 551 1656 Didymum
564 1597 619 1655 pro
634 1583 715 1639 certo
730 1580 801 1638 licet
819 1571 1040 1658 affirmare.¹¹⁸)
1068 1579 1171 1654 itaque
1189 1597 1242 1637 our
1260 1596 1322 1636 cre-

144 1668 251 1724 damus
273 1666 492 1743 Diogepianum
516 1667 594 1744 apud
618 1669 782 1745 Didymum
811 1686 955 1744 quaerere
982 1667 1124 1726 maluisse
1147 1685 1282 1742 eaquae
1307 1685 1323 1725 e

144 1755 302 1831 Pamphilo
317 1757 416 1832 potuit
430 1762 565 1833 repetere
579 1750 640 1836 (vel
654 1775 690 1816 ex
705 1758 832 1833 epitome
847 1776 865 1815 a
879 1775 911 1816 se
922 1749 1091 1838 coniecta)?
1110 1759 1141 1816 et
1154 1755 1322 1832 permultae

146 1845 266 1920 glossae
284 1864 359 1920 quae
378 1846 411 1903 in
429 1845 560 1921 Hesychi
583 1847 676 1906 lexico
699 1848 841 1922 leguntur
864 1847 935 1905 olim
954 1846 985 1904 in
1009 1846 1157 1922 Pamphili
1178 1846 1255 1904 libro
1276 1863 1324 1904 ex-

146 1932 277 2011 stabant,
291 1935 321 1992 id
336 1933 416 2010 quod
430 1936 613 2010 comparatio
631 1935 718 1994 lexici
731 1935 914 2011 Hesychiani
928 1955 994 1994 cum
1009 1934 1159 2011 Pamphili
1173 1935 1323 2011 fragmen-

146 2024 184 2082 tis
212 2023 376 2082 aRankeo
404 2028 435 2082 et
463 2023 626 2082 Schmidtic
654 2023 794 2084 instituta
817 2024 1042 2085 demonstrarit.
1079 2026 1112 2081 at
1137 2043 1153 2082 e
1176 2041 1322 2082 consensu

145 2110 297 2188 Pamphili
316 2115 346 2171 et
360 2111 493 2189 Hesyohi
508 2113 619 2172 Weber
637 2114 838 2191 colligendum
858 2131 923 2173 esse
942 2115 1034 2190 negat
1048 2112 1239 2188 Pamphilum
1253 2111 1323 2170 Dio-

145 2201 264 2277 geniani
283 2201 376 2260 fuisse
395 2205 556 2279 auctorem,
577 2221 753 2262 eonsensum
772 2203 837 2278 ipse
856 2203 899 2262 sic
917 2202 1060 2279 explicat,
1079 2205 1114 2260 ut
1132 2201 1252 2261 eosdem
1271 2219 1324 2258 an-

146 2293 243 2350 ctores
267 2290 461 2350 adhibuerint
485 2291 660 2368 Pamphilus
684 2295 714 2351 et
739 2291 956 2369 Diogenianus3
984 2291 1135 2367 Pamphili
1158 2309 1232 2366 opus
1255 2290 1324 2348 Dio-

146 2379 274 2454 genieno
293 2380 324 2438 in
343 2380 435 2439 lexico
455 2400 509 2440 suo
529 2381 680 2441 condendo
699 2399 759 2439 non
777 2382 853 2440 utile
871 2381 972 2441 fuisse.
1007 2383 1054 2440 est
1072 2381 1174 2456 glossa
1192 2379 1322 2454 Hesyoh.

147 2463 335 2541 θηρίκλειος·
359 2464 495 2529 κυλίκων
518 2463 618 2544 εἶδος,
642 2463 706 2529 ἀπὸ
726 2467 907 2544 Θηρικλέωε
928 2466 1103 2543 κεραμέως,
1127 2487 1216 2543 quam
1234 2467 1322 2526 Pam·

147 2557 228 2632 philo
247 2559 369 2618 auctore
384 2559 492 2619 Athen.
507 2557 550 2616 XI
564 2561 653 2618 471a
672 2558 760 2617 docte
775 2559 939 2634 etcopiose
958 2558 1160 2633 disputatione
1173 2557 1322 2616 illustrat:

147 2640 365 2725 ‘Diogeniana
391 2648 489 2722 inquit
512 2647 636 2719 Weber,
664 2647 856 2724 Pamphilum
883 2648 1067 2707 consuluisse
1094 2647 1170 2705 nihil
1197 2646 1323 2721 profuit:

146 2735 310 2812 Didymum
327 2735 531 2814 Diogenianus
551 2736 688 2796 adhibuit
707 2737 798 2812 copiis
822 2754 880 2795 non
903 2735 1079 2795 necessariis
1104 2728 1252 2794 dimissis'
1272 2730 1323 2811 (de

146 2823 278 2901 Hesychi
300 2824 379 2901 epist
405 2845 434 2901 p.
454 2827 507 2886 30.
530 2825 566 2886 cf.
589 2825 696 2885 Philcl.
716 2826 735 2886 l.
755 2827 774 2886 l.
797 2847 825 2903 p.
845 2817 934 2907 527).
972 2844 1045 2884 sane
1068 2821 1188 2901 quidem
1213 2817 1321 2899 ‘copiis

147 2931 205 2972 non
220 2915 395 2974 necessariis
410 2907 572 2974 dimissisl'
591 2933 688 2975 nonne
704 2934 754 2974 eas
768 2915 891 2991 perinde
905 2914 1056 2974 dimittere
1070 2914 1179 2990 potuit,
1197 2914 1223 2972 ei
1236 2912 1323 2970 Pam-

147 3004 263 3078 philum
282 3003 439 3065 adhibuit?
458 3023 555 3063 nonne
574 3021 624 3063 eas
642 3004 703 3063 iam
723 3004 878 3063 dimiserat
895 3003 1054 3061 maximam
1072 3006 1188 3078 partem
1208 3002 1239 3060 in
1253 3002 1322 3076 Elpi-

149 3091 250 3151 tome?
265 3092 415 3168 Pamphili
430 3093 531 3168 copiae
547 3113 618 3152 num
633 3093 727 3152 multo
742 3093 902 3168 ampliores
918 3092 1029 3151 fuerint
1043 3111 1132 3167 quem
1143 3083 1322 3169 Didymissl)

147 3181 234 3240 valde
254 3182 391 3257 equidem
411 3181 523 3241 dubito.
552 3181 604 3242 sed
618 3181 794 3258 Pamphilus
809 3182 909 3242 varias
929 3181 965 3241 dc
984 3181 1096 3241 eisdem
1114 3180 1205 3240 rebus
1224 3198 1322 3256 gram·

147 3270 324 3330 matioorum
343 3271 568 3330 observationes
587 3273 665 3346 apud
682 3271 843 3348 Didymum
862 3289 916 3346 per
930 3271 1159 3330 commentarios
1174 3273 1205 3329 et
1223 3266 1323 3332 λέξει(

148 3361 179 3417 et
196 3355 347 3432 τύμμικτα
366 3357 516 3434 dispersas
535 3378 595 3417 una
613 3361 864 3436 comprehendere
883 3359 1007 3418 studuit.
1036 3378 1090 3418 cur
1103 3359 1323 3434 Diogenianum

148 3447 273 3507 eandem
300 3465 422 3524 operam
450 3447 546 3507 denuo
576 3449 742 3525 suscepisse
765 3447 942 3508 credamus?
975 3467 1074 3524 neque
1099 3449 1177 3506 enim
1201 3446 1324 3523 Didymi

149 3537 335 3613 aliorumque
348 3537 443 3596 lexica
456 3537 618 3614 peculiaria
632 3537 659 3596 ei
674 3538 870 3614 sufficiebant,
889 3556 957 3597 cum
970 3538 1086 3597 lexicon
1102 3537 1194 3596 totius
1208 3537 1324 3614 graeci-

149 3626 221 3684 tatis
240 3627 380 3687 exbibere
399 3626 457 3686 sibi
474 3627 687 3702 proposuisset.
715 3629 805 3704 atque
823 3627 937 3687 erravit
954 3627 1070 3700 Weber,
1090 3627 1214 3686 eumad
1233 3644 1324 3684 unam

150 3733 252 3774 omnes
271 3717 387 3794 glossas
407 3716 614 3792 Hesychianas
633 3714 672 3774 ad
690 3719 787 3775 certos
806 3716 984 3792 scriptorum
1000 3717 1080 3776 locos
1096 3719 1230 3791 spectare
1245 3714 1324 3773 affir-

151 3807 248 3861 maret
274 3798 395 3883 (Philol.
419 3807 438 3866 l.
462 3807 481 3866 l.
509 3825 538 3881 p.
563 3797 650 3886 539).
690 3808 811 3866 exstant
838 3806 917 3881 apud
945 3803 1127 3881 Hesychium
1154 3805 1324 3880 glossarum

227 4011 273 4081 118)
298 4011 337 4095 (li.
361 4012 464 4066 Athen.
483 4013 522 4095 Χῖ
541 4017 615 4068 487ο
635 4054 641 4066 .
663 4055 668 4066 .
690 4013 853 4080 ,παρέθετο
875 4013 911 4066 τὰ
934 4011 1041 4095 ἰαμβεῖα
1064 4014 1109 4065 καῖ
1132 4011 1256 4076 Δίδυμοε
1279 4012 1324 4064 καῖ

150 4081 1323 4224 κορακῖνοννυκυυνυμνο-υκνθ·

151 4227 226 4296 quod
244 4157 349 4282 >Weber
372 4173 412 4278 dd
433 4173 539 4294 duplici
560 4174 674 4295 lpbidymi
697 4197 938 4292 lebemcxmmxitc
958 4228 988 4280 et
1009 4171 1323 4293 rpeprmcyre‘eeldsione'

152 4298 279 4368 coniecit,
292 4315 376 4352 unam
392 4296 543 4351 seeundum
558 4298 724 4366 argumenta
737 4297 784 4352 vel
800 4301 899 4368 poetas
914 4297 1031 4351 alteram
1047 4295 1199 4352 secundum
1214 4295 1323 4349 litteras

151 4368 316 4438 dispositam
335 4370 382 4424 vel
405 4370 553 4435 (ύμμικτον
576 4369 660 4423 luisse
683 4368 729 4438 (de
748 4368 868 4438 Hesych.
888 4367 970 4438 epist.
989 4386 1016 4438 p.
1036 4374 1077 4421 41.
1098 4367 1200 4421 Philol.
1219 4367 1237 4421 l.
1257 4367 1275 4421 l.
1295 4383 1322 4436 p.

151 4445 224 4510 547),
242 4442 271 4496 id
289 4441 409 4512 probare
427 4455 482 4494 non
500 4455 613 4510 possum
634 4455 685 4493 nec
704 4437 836 4509 probasse
855 4456 1022 4511 quemquam
1042 4439 1145 4494 audivi.
