3102 5158
146 261 188 320 De
202 262 391 335 Aristophane
405 261 539 335 Byzantio
555 262 585 320 et
598 258 732 320 Suetonio
744 260 908 333 Tranquillo
921 261 1054 321 Eustathi
1068 260 1236 321 auctoribus.
1256 260 1325 330 316

146 449 236 496 nemo
249 435 483 511 Aristophanem
497 434 676 512 Byzantium
689 452 749 495 non
764 437 924 512 cognoscet
937 426 980 516 (u.
990 453 1054 511 sup.
1064 456 1093 511 p.
1104 426 1192 517 300).
1219 433 1322 512 itaque

146 525 264 600 initium
277 525 382 603 eapitis
393 520 465 598 περὶ
480 523 674 596 ςυγγενικῶν
688 517 858 600 ὀνομάτων
868 525 1013 586 habemus
1024 525 1103 601 apud
1112 525 1198 585 Euat.
1208 545 1237 601 p.
1248 527 1323 600 971,

146 633 205 673 ρορ
224 614 256 673 ίρ
275 615 349 674 ML:
367 632 473 691 nempe
492 614 655 691 archetypo
674 614 807 674 codicum
828 613 887 672 ML
908 633 974 673 cum
993 614 1185 691 inscriptione
1202 613 1323 674 initium

147 704 254 780 eapitis
274 705 384 763 deerat
405 735 446 744 —
466 704 543 762 alter
557 722 676 781 quoque
694 705 776 763 locus
795 703 1013 764 Eustathianns
1028 704 1081 763 ubi
1097 703 1219 763 nomina
1236 698 1322 763 πάπ-

148 809 210 852 πος
225 788 410 852 ἐπίπαππος
424 796 629 853 memorantur
643 785 686 871 (p.
697 794 770 870 565,
782 785 839 872 29)
853 793 891 852 ad
902 792 1135 870 Aristophanem
1148 783 1322 853 referendus
1393 838 1397 846 .

148 883 207 959 est,
229 882 259 942 id
279 882 364 958 quod·
379 882 525 957 probatur
543 882 643 943 verbis
662 878 681 956 ἡ
702 880 810 956 μέντοι
829 878 916 956 τηθὶς
935 875 1016 942 ἄλλο
1036 876 1065 942 τί
1084 878 1179 957 ἐςτιν,
1203 875 1321 942 ἀναλο-

146 971 246 1042 γοῦςα
265 971 311 1050 τῷ
331 965 407 1050 θείῳ
425 971 563 1047 ropetitis
582 971 642 1031 illis
665 991 700 1031 ex
722 992 752 1047 p.
771 973 850 1046 316,
870 974 912 1031 10
935 967 1022 1045 τηθίς
1046 968 1082 1031 δὲ
1106 965 1270 1043 ἀνάλογόν
1293 987 1323 1030 τι

145 1060 192 1139 τῷ
219 1055 307 1139 θείῳ,
336 1077 424 1137 quem
447 1060 485 1118 ad
508 1061 606 1120 locum
630 1061 760 1120 remittit
777 1061 862 1121 Euat.
881 1061 981 1120 verbis
1009 1056 1082 1136 περὶ
1105 1055 1144 1120 οὗ
1167 1055 1323 1134 ἀλλαχόθι

147 1148 299 1222 δηλοῦται
319 1143 407 1228 (565,
423 1141 490 1228 29).
521 1152 642 1209 atvero
661 1149 741 1210 dicat
759 1150 866 1226 aliquis
885 1150 964 1209 hune
982 1150 1080 1210 locum
1097 1151 1265 1225 discrepare
1284 1150 1322 1210 ab

147 1257 181 1297 eo
204 1257 294 1314 quem
317 1240 482 1297 tractamus
506 1232 548 1316 (p.
574 1231 652 1320 971)
675 1239 712 1298 de
735 1238 854 1299 nomine
877 1233 1087 1314 πρόπαππος,
1114 1258 1181 1298 cum
1204 1258 1233 1315 p.
1259 1241 1321 1298 971

145 1329 282 1404 legamus
301 1322 488 1387 ἐπίπαππος
506 1323 578 1402 οὐχὶ
597 1322 804 1402 πρόπαππος,
823 1348 854 1406 p.
873 1330 936 1388 565
957 1323 1143 1388 ἐπίπαππος
1163 1373 1214 1390 ...
1234 1322 1252 1387 ὁ
1272 1323 1323 1387 καὶ

146 1411 354 1492 πρόπαππος.
392 1415 444 1475 sed
467 1417 559 1476 uerba
582 1412 654 1491 οὐχὶ
675 1412 874 1492 πρόπαππος
891 1418 1028 1477 Nauokio
1048 1437 1165 1496 quoque
1185 1419 1323 1493 suspecta

147 1499 189 1586 (p.
211 1496 289 1587 142)
309 1524 370 1565 non
389 1507 459 1564 sunt
477 1505 689 1582 Aristophanis
706 1507 896 1584 grammatici
914 1526 1011 1584 neque
1029 1507 1172 1568 Eustathi
1193 1507 1322 1583 quidem,

146 1595 199 1653 sed
217 1614 236 1654 a
253 1594 377 1655 librario
397 1594 522 1671 quodam
544 1595 684 1655 Eustathi
702 1596 803 1657 verbis
822 1587 994 1677 adiectafl)

236 1687 264 1743 2.
283 1705 311 1760 p.
332 1686 405 1760 971,
425 1685 566 1744 27-37.
597 1685 706 1745 Verbis
731 1681 783 1746 καὶ
806 1679 856 1745 ὅτι
878 1679 1024 1760 κηδεςταί
1042 1685 1245 1762 Aristophane
1263 1685 1323 1761 By-

146 1773 244 1832 zantio
259 1774 363 1833 relicto
381 1773 419 1831 ad
439 1773 531 1832 alium
545 1773 658 1833 fontem
673 1775 757 1834 Eust.
773 1793 805 1834 se
819 1775 974 1836 convertit.
1006 1793 1040 1834 ao
1053 1775 1182 1850 primum
1202 1775 1323 1850 quidem
1379 1773 1382 1780 “

146 1858 291 1938 κηδεςταί
310 1865 341 1921 et
359 1857 562 1935 corepiscopi
580 1864 698 1940 glossas
714 1883 729 1922 e
744 1865 841 1940 capite
856 1864 1076 1940 Aristophaneo
1092 1883 1151 1924 nou
1166 1882 1232 1925 esse
1247 1864 1323 1924 dori-

146 1956 232 2012 vatas
252 1952 383 2011 arbitror
402 1943 453 2030 (of.
471 1951 577 2011 Nauck
594 1973 623 2028 p.
645 1945 733 2034 142),
751 1953 881 2029 primurn
904 1955 983 2031 quod
1002 1948 1084 2029 πηός
1107 1954 1250 2014 omissum
1276 1956 1323 2012 est

147 2036 189 2120 (v.
204 2061 268 2117 sup.
279 2033 407 2120 pala),
427 2039 534 2101 deinde
552 2043 631 2117 quod
651 2043 810 2119 explicatio
829 2043 908 2104 vocis
928 2041 1077 2118 κηδεςτής
1094 2060 1154 2102 ρορ
1173 2045 1236 2102 tam
1254 2061 1322 2102 eum

147 2130 366 2206 Aristophaneo
385 2129 449 2190 loco
467 2129 553 2190 Euat.
571 2150 600 2206 p.
622 2134 698 2206 779,
718 2133 759 2192 53
787 2132 917 2192 concinit
934 2151 1024 2209 quam
1042 2150 1110 2191 oum
1128 2131 1235 2192 Pholio
1254 2125 1321 2211 (κη-

146 2217 270 2294 δεςτής·
295 2213 314 2277 ὁ
337 2211 409 2278 κατ’
431 2213 602 2293 ἐπιγαμίαν
616 2215 742 2281 ὀἰκεῖος
762 2218 807 2296 ,ἢ
832 2214 1013 2301 πενθερός).
1052 2220 1154 2298 itaque
1182 2221 1256 2280 baso
1284 2221 1321 2280 ab

146 2309 305 2369 Eustathio
320 2328 336 2369 e
350 2307 444 2368 lexico
458 2307 607 2368 rhetorico
622 2310 799 2387 deprompta
808 2328 999 2371 csseeenseo.
1017 2341 1053 2350 -
1072 2309 1207 2387 sequitur
1220 2311 1323 2386 glossa

145 2396 367 2472 τηθαλλαδοῦς
391 2416 427 2456 ex
444 2396 513 2457 Aeli
532 2397 657 2475 Dionysi
680 2400 773 2460 lexico
797 2401 901 2460 statim
924 2400 1047 2460 laudato
1071 2399 1135 2459 siue
1158 2399 1249 2459 dubio
1273 2399 1323 2458 de-

146 2489 265 2564 scripta.
303 2486 432 2545 indidem
453 2486 538 2546 Phot.
560 2487 793 2562 τηθαλλαδοῡς·
818 2486 858 2550 ὃν
881 2484 911 2549 οἱ
935 2484 1052 2549 πολλοὶ
1075 2483 1322 2564 μαμμόθρεπτον

148 2573 289 2650 λέγουςι;
314 2575 350 2634 ef.
365 2574 477 2652 Phryn.
492 2576 565 2636 Lob.
575 2597 604 2652 p.
615 2579 678 2638 299
691 2578 798 2638 Pollux
807 2578 855 2637 111
867 2581 917 2638 20.
954 2581 1018 2638 tum
1037 2596 1108 2638 vero
1123 2577 1223 2654 pergit
1236 2577 1323 2638 Euat.

147 2662 233 2738 λέγει
257 2662 292 2724 δὲ
316 2660 440 2724 ἐκεῖνος
463 2658 482 2722 ὁ
505 2660 545 2724 τὰ
572 2661 710 2741 ῥηθέντα
734 2663 901 2741 ςυγγενικὰ
923 2661 1168 2742 ἐκγραψάμενος
1195 2663 1246 2726 καὶ
1273 2660 1322 2727 ότι

146 2749 256 2831 ἀπφὺς
270 2745 378 2834 κτλῙί)
406 2755 434 2814 et
452 2755 554 2829 paullo
568 2759 639 2830 post
657 2753 743 2829 λέγει
762 2753 798 2816 δὲ
817 2753 940 2818 ἐκεῖνος
959 2754 1009 2817 καὶ
1028 2750 1143 2831 cupos
1161 2755 1222 2816 κτλ.
1249 2775 1322 2816 num

146 2845 301 2904 credamus
320 2861 389 2901 eum
408 2844 445 2902 ad
462 2842 696 2919 Aristophanem
714 2846 892 2922 Byzantium
911 2845 1043 2907 reverti?
1067 2864 1138 2906 cave
1153 2864 1193 2906 ne
1211 2846 1322 2906 eredas.

147 2935 171 2993 si
194 2933 386 3010 probavimus
410 2931 508 3008 prima
531 2937 617 3009 parte
641 2934 875 3011 Aristophanem
902 2953 967 2996 asse
995 2935 1137 2995 Eustathi
1161 2939 1322 3010 auctorem,

145 3023 229 3082 nullo
239 3022 327 3081 modo
337 3021 401 3080 fieri
416 3024 518 3098 potest
527 3026 562 3082 ut
575 3022 607 3081 in
620 3023 666 3083 his
678 3025 803 3084 eundem
818 3028 970 3085 auctorem
981 3025 1019 3084 ab
1034 3043 1068 3086 co
1079 3025 1247 3084 adhibitum
1257 3041 1321 3084 esse

147 3112 336 3172 arbitremur.
359 3129 430 3169 nam
444 3112 561 3188 glossas
573 3106 684 3187 ἀπφὺς
698 3106 792 3188 ἄπφα
807 3107 931 3189 ἄπφιον
946 3134 962 3174 a
976 3113 1069 3174 lexico
1082 3113 1232 3174 rhetorico
1247 3113 1322 3172 deri-

147 3202 232 3261 vavit
245 3200 349 3260 eodem
364 3201 442 3277 quod
457 3220 484 3276 p.
496 3202 570 3274 565,
582 3204 622 3261 18
638 3200 784 3278 adhibuit,
803 3223 892 3281 quem
905 3203 1004 3263 locum
1017 3204 1082 3280 ipse
1096 3204 1209 3263 indicat
1223 3201 1323 3263 verbis

146 3286 220 3364 περὶ
234 3283 281 3349 ὧν
295 3285 332 3349 ἐν
346 3282 455 3349 ἄλλοις
470 3286 654 3364 γέγραπται.
682 3292 757 3352 duos
775 3294 856 3354 locos
870 3293 955 3353 iuxta
969 3293 1105 3368 posuisse
1124 3292 1197 3352 satis
1212 3283 1320 3372 orit.⁷⁸)

220 3459 255 3528 Η)
278 3458 347 3513 Cum
370 3458 438 3513 olim
461 3460 548 3514 verba
570 3459 621 3515 illa
644 3463 705 3529 οὐχί
723 3463 890 3531 πρόπαππος
913 3461 1032 3516 delenda
1053 3478 1114 3517 esse
1132 3460 1322 3529 coniecissem,

146 3535 247 3602 postea
269 3531 455 3585 coniecturam
480 3531 627 3600 probatam
651 3533 745 3588 iuveni
767 3531 899 3588 Enststbi
924 3533 1020 3588 codice
1043 3530 1257 3588 Vratislavieusi
1280 3532 1322 3586 in-

147 3607 256 3672 specto,
279 3602 328 3656 ubi
350 3600 402 3656 illa
421 3602 530 3658 desunt.
567 3604 610 3657 est
628 3604 688 3660 cod.
707 3604 776 3662 bibl.
794 3604 914 3674 Rhadig.
933 3605 954 3659 I.
973 3602 1005 3660 A.
1020 3610 1054 3659 25
1078 3604 1223 3659 continens
1242 3603 1321 3658 lliad.

148 3675 238 3727 Ν-Ω
261 3691 324 3728 cum
343 3673 474 3728 Eustathi
497 3674 719 3744 commentariis,
741 3675 801 3731 foll.
821 3681 872 3731 389
895 3675 1113 3744 (101390-393
1133 3692 1151 3729 a
1168 3676 1323 3730 recentiore

148 3762 232 3799 mauu
247 3745 351 3814 scripta
364 3745 476 3800 aliunde
491 3747 677 3814 acesserunt,
692 3746 1045 3817 continent-Y199—272).
1065 3746 1211 3817 suppletur
1225 3747 1321 3802 codice

148 3815 272 3869 eiusdem
289 3814 357 3870 bibl.
377 3815 396 3870 1.
417 3817 449 3872 A.
469 3823 503 3870 24
523 3817 612 3872 inulto
631 3816 787 3887 elegantius
806 3818 923 3888 sumpto,
947 3819 996 3888 qui
1018 3818 1144 3874 continet
1166 3817 1246 3872 Iliad.
1265 3819 1321 3872 Α·-

149 3888 168 3940 Κ
188 3893 238 3941 377
259 3903 321 3939 cum
339 3885 470 3942 Eustathi
489 3889 709 3958 commentariis,
728 3890 788 3944 foll.
808 3896 869 3944 403.
898 3890 932 3944 of.
952 3890 1119 3956 bratteata,
1138 3889 1220 3944 Hom.
1239 3889 1322 3944 Text-

148 3957 236 4012 kritik
255 3975 281 4026 p.
297 3963 348 4011 469
366 3975 409 4014 no.
426 3965 468 4014 73.
484 3965 525 4013 74.
558 3961 708 4029 utrumque
726 3961 829 4016 librum
847 3961 883 4015 ad
903 3961 1011 4031 aliquot
1028 3963 1105 4016 locus
1123 3959 1322 4016 Eustatbiauos

148 4027 262 4096 contuli,
282 4029 331 4082 sed
344 4031 463 4084 multam
477 4045 593 4099 operam
606 4031 722 4100 perdidi.
750 4034 834 4101 longe
848 4033 970 4102 plurima
983 4033 1055 4088 vitia
1071 4049 1143 4102 quaa
1157 4033 1186 4085 in
1200 4031 1323 4086 editione

148 4099 287 4169 Lipsiensi
306 4115 339 4154 ex
358 4099 400 4155 ed.
415 4099 542 4156 Romana
560 4101 701 4173 descripta
720 4103 860 4172 leguntur,
878 4108 1024 4172 praeterea
1041 4105 1100 4160 alia
1113 4103 1203 4158 multa
1216 4103 1246 4156 in
1263 4101 1322 4158 illis

146 4171 254 4226 inveni:
280 4169 412 4224 nimirum
435 4169 506 4226 vitia
533 4172 657 4241 plurima
683 4174 720 4229 ab
746 4173 810 4244 ipso
838 4173 986 4246 Eustathio
1012 4174 1160 4231 commissa
1186 4177 1260 4229 sunt.
1289 4205 1322 4213 --

151 4241 184 4311 l²)
198 4242 267 4298 Post
280 4242 367 4298 verba
381 4244 421 4296 ὡς
438 4245 516 4309 δηλοῖ
531 4244 679 4312 θεόκριτος
693 4245 815 4315 ineptias
829 4246 964 4314 quasdam
979 4245 1181 4316 etymologicus
1194 4245 1273 4299 Euat.
1288 4245 1323 4299 dc

149 4331 199 4368 suo
217 4313 330 4370 adiecit.
350 4344 383 4353 -
411 4312 444 4383 l³)
462 4311 544 4368 Falso
562 4315 636 4371 hanc
654 4315 853 4372 Atticistarum
871 4317 1027 4372 doctrinam
1046 4335 1109 4372 oum
1128 4316 1323 4387 Aristophanis

148 4385 324 4455 grammatici
347 4384 440 4456 eapite
462 4387 525 4452 περὶ
547 4391 773 4457 προςφωνήςεων
796 4390 952 4458 composuit
974 4388 1075 4444 Nauck
1097 4407 1124 4458 p.
1150 4395 1213 4456 1573
1239 4405 1322 4457 quem

151 4465 255 4513 temere
276 4459 388 4514 secutus
407 4461 452 4513 est
469 4456 565 4512 Nabar
582 4458 674 4526 (Pbot
693 4461 804 4530 Proleg.
822 4478 849 4530 p.
870 4463 924 4529 73).

1055 4547 1110 4604 21*
