3102 5158
141 268 187 328 De
201 267 391 341 Aristophane
406 266 540 339 Byzantio
556 270 585 325 et
600 264 734 324 Suetonio
747 264 912 337 Tranquillo
922 264 1052 324 Euststhi
1068 268 1239 327 auctoribus.
1260 265 1325 332 373

141 435 230 522 μα(ι)
255 437 390 512 λέγεται.
437 438 473 498 el.
497 438 628 514 Hesyeb.
652 457 675 498 s.
694 458 720 498 v.
750 428 873 516 (τῆμα).
914 439 995 497 recte
1021 437 1058 498 de
1091 439 1149 498 hoc
1173 437 1325 514 Apollonii

142 530 300 589 cuiusdam
319 529 421 588 libello
440 527 706 602 Schweighaeuser
726 526 834 585 Athen.
853 529 875 585 t.
891 526 934 584 IX
953 547 981 602 p.
997 530 1038 586 43
1059 529 1133 586 haec
1153 528 1324 588 adnotavit:

144 612 287 678 ‘fortasse
296 618 525 695 grammaticum
540 615 662 692 aliquod
677 618 821 692 scriptum
836 615 893 674 fuit
903 617 939 674 de
954 616 1123 676 nominibus
1139 616 1325 693 singularum

144 708 277 783 partium
299 711 330 766 et
346 726 448 765 rerum
466 707 598 770 omnium
617 706 655 764 ad
681 704 818 765 triremes
839 699 1061 780 spectantium'.
1093 705 1194 782 itaque
1214 705 1325 764 librum

145 792 221 869 περὶ
244 795 412 871 τριηρικῶν
436 789 606 869 ὀνομάτων
634 795 811 870 inscriptum
835 794 929 854 fuisse
953 794 1097 869 arbitror,
1121 813 1209 870 quem
1233 794 1326 854 Athe·

146 904 242 944 naeus
262 882 325 967 (vel
345 885 408 943 eius
426 877 546 964 auctor)
572 883 705 944 breviter
729 882 805 942 dixit
822 878 983 957 τριηρικόν
1006 875 1081 960 (ιιοιι
1098 879 1268 958 τριηρικά,
1292 888 1327 943 ut

148 974 272 1050 scripsit
291 966 577 1052 Schweighaeuser).
615 972 725 1032 Athen.
748 971 806 1031 XII
826 975 913 1031 5160
930 973 1142 1048 grammaticos
1161 977 1325 1046 enumerat,

147 1063 202 1139 qui
226 1058 423 1138 ὀψομτυτικά
442 1057 586 1135 ὀνόματα
605 1061 827 1137 composuerint
852 1053 898 1142 (ol
918 1057 959 1120 τὰ
978 1056 1176 1135 ὀψαρτυτικά
1198 1060 1325 1122 (υνθέν-

146 1145 231 1232 τε(),
256 1153 390 1228 singulos
416 1155 517 1210 autem
540 1152 664 1210 laudare
689 1151 766 1210 solet
792 1150 893 1210 verbis
921 1147 1026 1229 ἐντῷ
1050 1145 1254 1229 ὀψαρτυτικῷ
1277 1143 1327 1229 (ut

147 1243 337 1316 Epeeuetum
366 1240 554 1301 Heraclidem
581 1239 802 1316 Syracusanum
834 1231 937 1318 alios):
969 1239 1097 1300 indicem
1128 1240 1223 1315 igitur
1253 1236 1324 1314 περὶ

148 1326 374 1404 ὀψαρτυτικῶν
402 1323 572 1403 ὀνομάτων
600 1330 663 1389 sive
690 1321 889 1403 ὀψαρτυτικά
921 1328 1068 1388 convertit
1096 1329 1126 1387 iu
1154 1323 1324 1402 ὀψαρτυτι-

148 1415 208 1479 κόν
215 1411 281 1499 189);
297 1421 375 1478 hunc
390 1419 469 1478 enim
486 1437 553 1478 esse
567 1419 785 1478 nominativum
799 1420 886 1493 puto,
905 1436 964 1476 nou
979 1411 1198 1491 ὀψαρτυτικό(.
1224 1419 1324 1494 itaque

150 1503 336 1582 (υγγενικόν
354 1509 463 1567 titulus
484 1508 555 1566 libri
574 1506 747 1566 Suetoniani
766 1506 840 1565 satis
859 1506 994 1566 munitus
1012 1507 1086 1565 mihi
1105 1506 1232 1567 videtur.

240 1598 294 1657 His
324 1598 360 1656 de
388 1598 486 1656 causis
517 1595 741 1656 Reifferscheidi
769 1595 1007 1654 emendationem
1035 1594 1232 1656 certissimam
1260 1615 1326 1656 esse

152 1686 257 1746 iudico.
297 1685 458 1746 Suetonius
482 1686 576 1762 igitur
600 1685 719 1761 scripsit
742 1679 927 1755 (υγγενικόν
950 1685 1013 1744 sive
1036 1680 1109 1758 περὶ
1133 1683 1326 1757 (υγγενιιιῶν

149 1770 328 1849 ὀνομάτων.
368 1776 437 1835 binc
455 1773 679 1848 Reihbrscbeid,
703 1773 754 1849 qui
777 1772 900 1833 Suetoni
919 1769 1104 1847 (υγγενικόν
1127 1773 1325 1834 imitationem

150 1865 256 1940 capitis
271 1864 484 1940 Aristophanei
498 1859 570 1937 περὶ
585 1861 778 1935 (υγγενικῶν
793 1856 963 1937 ὀνομάτων
976 1862 1069 1922 tuisse
1082 1865 1213 1942 putaret,
1227 1866 1326 1923 cetera

150 1973 268 2029 quoque
293 1951 412 2014 λέξεων
431 1953 531 2028 capita
550 1952 771 2027 Aristophanes
788 1952 932 2011 imitando
948 1969 1093 2028 expressa
1112 1970 1177 2012 esse
1195 1972 1213 2012 a
1231 1953 1324 2012 Trau-

151 2044 246 2118 quillo
265 2043 432 2118 suspicatus
447 2046 503 2103 est.
527 2041 674 2118 excerptis
689 2041 798 2100 codicis
813 2041 906 2099 Athoi
921 2059 939 2098 a
953 2041 1071 2100 Millero
1085 2041 1182 2118 editis,
1202 2042 1324 2101 Reiffer-

151 2130 264 2190 scheidi
283 2132 483 2191 coniecturam
497 2130 603 2189 Nauck
618 2125 787 2210 (Mtlanges
802 2128 1236 2206 Grteo-RomainsIIIp.167.
1252 2134 1325 2193 172.

154 2215 233 2301 175)
251 2221 295 2280 ita
314 2221 467 2296 probavit,
492 2222 526 2278 ut
545 2219 645 2280 omnia
663 2219 744 2278 illiue
764 2219 871 2278 codicis
891 2223 1031 2295 excerpta
1053 2222 1084 2278 et
1102 2218 1325 2296 Aristophanen

151 2313 182 2368 et
202 2308 383 2369 Suetoniana
398 2308 609 2384 Aristophanis
629 2305 748 2368 λέξεων
766 2307 843 2367 libro
863 2308 1026 2368 ascriberet
1044 2327 1139 2384 eaque
1157 2329 1220 2385 per
1239 2308 1324 2369 Sue·

151 2399 290 2457 tunium
310 2399 347 2457 ad
368 2417 421 2458 nos
446 2397 619 2474 pervenisse
643 2399 792 2457 statueret
809 2397 978 2474 fragmento
997 2398 1081 2457 nisus
1099 2397 1249 2475 Parisino,
1272 2399 1324 2459 ubi

151 2491 216 2546 tum
240 2487 359 2564 quidem
383 2484 482 2548 λέξει(
508 2485 744 2562 Aristophaneus
772 2489 891 2545 tantum
913 2486 1011 2546 inesse
1038 2488 1210 2562 putabatur.
1246 2505 1324 2548 nuuc

151 2577 291 2652 quoniam
316 2576 438 2636 Freseni
461 2577 610 2635 industria
634 2578 752 2635 constat
778 2575 942 2651 fragmenti
969 2574 1097 2635 Parisini
1119 2578 1324 2654 paragraphus

154 2667 281 2725 18—22
298 2666 369 2724 olim
380 2665 547 2740 Tranquilli
560 2683 667 2724 nomen
678 2683 749 2740 prae
760 2683 792 2723 re
804 2663 910 2724 tulisse
921 2656 963 2746 (v.
974 2683 1037 2741 sup.
1047 2659 1170 2745 perr),
1186 2669 1325 2742 excerpta

152 2754 299 2814 librorum
322 2750 394 2829 περὶ
419 2753 628 2830 βλα(φημιάιν
651 2758 683 2813 et
706 2749 777 2827 περὶ
801 2753 936 2813 παιδιῶν
963 2756 1002 2814 ab
1024 2754 1225 2830 Aristophane
1254 2761 1324 2816 sunt

152 2843 340 2903 removenda.
377 2843 470 2902 nihilo
490 2843 586 2904 secius
605 2861 724 2902 omnem
750 2843 830 2902 inter
847 2842 1078 2918 Aristophanem
1099 2848 1130 2904 et
1147 2843 1322 2904 Suetonium

154 2952 296 2993 conexum
315 2952 383 2992 cum
402 2932 543 2992 Fresenio
562 2951 674 3009 negare
692 2950 816 3007 nequeo.
854 2936 887 2992 ut
911 2933 1056 2994 rationem
1081 2933 1213 3009 aliquam
1230 2933 1322 2994 inter·

153 3023 393 3082 eademeadem
419 3021 498 3081 inter
521 3023 575 3081 hos
593 3022 803 3098 grammaticos
827 3040 862 3080 eo
880 3022 1008 3082 maxime
1026 3021 1169 3099 adducor,
1191 3023 1269 3098 quod
1293 3024 1324 3082 in

153 3111 238 3171 libris
262 3111 318 3170 ML
346 3110 567 3188 grammaticus
587 3110 806 3170 Alexandrinus
835 3130 901 3170 eum
928 3111 1123 3188 grammatico
1146 3112 1253 3172 Latino
1281 3113 1324 3171 ite

152 3201 327 3260 coniunctus
352 3200 515 3275 reperitur,
542 3203 577 3259 ut
604 3200 764 3259 interduo
788 3198 900 3275 scripta
922 3200 1103 3259 Suetoniana
1125 3201 1240 3260 inserta
1263 3201 1324 3260 sint

152 3289 251 3364 cupita
284 3290 428 3365 quaedam
458 3285 578 3349 λέξεων
606 3288 902 3363 Aristophanearum.
947 3289 1096 3348 bominem
1124 3289 1322 3366 Byzantinum

153 3377 301 3452 quendam
320 3379 375 3436 hoc
389 3377 476 3436 modo
495 3378 563 3437 illos
579 3377 764 3437 coniunxisse
783 3376 856 3436 mihi
871 3377 990 3453 quidem
1009 3378 1181 3438 incredibile
1195 3378 1322 3438 videtur.
1371 3371 1374 3377 ’

153 3465 259 3524 deinde
282 3467 370 3526 valde
393 3467 503 3524 mirum
526 3469 585 3542 est,
613 3465 692 3541 quod
711 3484 727 3525 e
745 3468 791 3525 tot
817 3467 970 3542 tantisque
994 3463 1114 3526 λέξεων
1136 3467 1276 3543 operibus
1305 3487 1323 3527 a

153 3554 356 3632 grammaticis
381 3554 501 3615 Graecis
524 3554 584 3614 illis
608 3554 794 3630 temporibus
822 3551 953 3615 conditie'
971 3556 1181 3632 Aristophanis
1205 3557 1323 3633 potissi·

152 3664 234 3703 mum
253 3644 340 3702 unius
358 3643 558 3720 antiquissimi
573 3641 692 3704 λέξεων
711 3644 789 3703 bona
808 3649 945 3720 excerpta
963 3644 1110 3721 quaedem
1128 3645 1166 3704 ad
1184 3665 1238 3706 nos
1257 3667 1323 3722 per-

153 3735 312 3806 venerunt,
335 3734 475 3794 mutilata
497 3734 551 3792 illa
573 3732 693 3809 quidem
720 3751 755 3792 ac
778 3733 933 3793 decurtata
955 3735 1147 3811 neglegentia
1170 3736 1321 3795 hominum

152 3822 384 3899 Byzantinorum
412 3823 456 3882 ita
482 3826 584 3883 tamen
607 3825 791 3898 comparata,
819 3825 854 3882 nt
881 3823 1009 3898 speciem
1035 3843 1069 3884 ec
1098 3824 1321 3899 dispositionem

153 3912 248 3988 operis
268 3912 432 3972 doctissimi
445 3930 623 3990 cognoscere
641 3911 738 3984 liceat,
758 3930 826 3971 cunr
840 3915 1007 3971 ceterorum
1026 3913 1107 3972 illius
1126 3917 1157 3972 et
1175 3915 1319 3989 posterio-

153 3992 222 4059 rum'
237 4005 371 4062 aetatum
385 4003 647 4078 grammaticorum
661 3998 762 4062 λέξει(
780 4020 874 4077 paene
892 4001 1069 4062 interierint.
1102 4001 1194 4077 quid?
1213 4003 1238 4061 si
1257 4022 1322 4078 per

153 4090 375 4168 Suetonium,
394 4091 623 4168 grammaticum
638 4090 789 4164 Latinum,
802 4090 946 4149 memoria
961 4089 1169 4166 Aristophanis
1184 4092 1322 4167 Byzantii

227 4313 272 4382 ¹⁸⁹)
292 4313 468 4369 Contrarium
487 4315 645 4385 exemplum
668 4315 786 4386 praebet
809 4315 894 4371 schol.
913 4314 986 4370 Plat.
1007 4315 1096 4376 Alcib.
1117 4335 1143 4386 p.
1165 4322 1250 4384 lota,
1274 4317 1322 4372 ubi

152 4384 330 4454 Πολυδεύκη(
349 4387 378 4440 ἐν
398 4388 601 4454 Ὀνομαιτικοῑ(
618 4387 758 4457 laudatur,
776 4404 839 4442 cum
859 4387 923 4444 Iulii
938 4387 1058 4443 Pollucis
1076 4388 1148 4444 liber
1167 4390 1323 4458 Ὀνομαετι·

153 4457 201 4512 κάν
219 4457 369 4529 inscriptua
387 4459 468 4516 esset.
