3102 5158
218 263 284 329 290
688 266 813 336 Leopcld
834 267 924 322 Cohn:

216 430 297 494 κατὰ
324 433 399 494 τοὺ(
427 431 597 508 παλαιούε,
626 429 678 495 έπί
704 452 740 495 τε
768 437 823 510 τῆ(
852 432 1006 510 (υνήθουε
1031 433 1155 510 ,δηλαδὴ
1186 433 1237 495 καὶ
1260 432 1312 496 ἐπὶ
1334 438 1392 510 rar

217 519 407 597 περιουείαε.
438 525 477 584 id.
496 546 525 600 p.
547 525 646 599 1758,
666 528 706 584 29
732 521 818 596 λέγει
842 521 877 584 δέ
902 521 952 584 καὶ
975 522 1063 599 Ζωὴν·
1083 521 1119 584 έν
1142 521 1281 602 τούτοιε,
1311 520 1391 586 καθὰ

217 609 269 672 καὶ
292 609 355 687 πρὸ
379 608 512 686 ὀλίγων,
536 611 595 688 τὴν
619 609 663 674 εἰ(
686 611 724 673 τὸ
747 614 805 690 ζῆν
831 608 1027 688 περιουείαν,
1051 608 1151 673 εἰπὼν
1176 608 1222 673 ‘0‘1
1246 611 1281 674 δὲ
1305 612 1391 690 Ζωὴν

217 696 389 762 έδάεαντο’
413 695 443 781 (ξ
464 695 552 784 208).
588 703 671 762 vides
689 703 825 763 'indidem
847 703 968 762 fluxisse
990 703 1133 762 Eustathi
1156 704 1235 763 locos
1261 707 1291 762 ct
1309 703 1389 780 frag-

216 791 311 851 menti
333 792 461 850 Parisini
483 792 627 868 glossam,
655 794 795 851 neutrum
823 811 988 868 congruere
1011 811 1078 851 oum
1102 792 1263 852 Zenodoro.
1300 793 1391 852 Zeno·

217 880 307 939 dorus
323 881 401 939 enim
415 901 507 940 unum
517 880 681 940 Homerum
695 882 856 956 respiciens
870 881 1048 941 vocabulum
1063 878 1127 956 Ζωή
1143 880 1200 940 nisi
1215 881 1251 941 de
1263 883 1391 956 pecunia

217 970 265 1030 vel
280 969 391 1029 divitiis
405 989 423 1028 a
438 973 527 1046 poeta
541 989 599 1030 non
614 970 751 1046 usurpari
766 971 859 1045 docet
877 970 1020 1031 Eustathi
1038 972 1070 1030 et
1087 969 1249 1045 fragmenti
1263 971 1392 1030 Parisini

217 1060 320 1118 auctor
342 1060 513 1135 generalem
536 1059 673 1120 vocabuli
697 1079 784 1118 usum
807 1060 963 1121 illustrans
986 1059 1097 1134 passim
1121 1059 1200 1118 idem
1223 1078 1288 1118 esse
1312 1061 1392 1136 quod

218 1143 402 1222 περιουείαν
426 1149 578 1224 observat,
602 1168 669 1207 cum
688 1150 778 1226 vulgo
798 1142 923 1210 ‘vitam’
943 1149 1090 1225 significet
1113 1140 1162 1227 (os.
1180 1149 1303 1207 Ellendt
1321 1149 1391 1208 hex.

217 1231 308 1312 Soph.
328 1257 350 1296 s.
370 1233 429 1314 a),
448 1257 464 1296 e
498 1238 666 1313 exemplum
684 1238 773 1297 affert
791 1256 826 1297 ex
844 1237 983 1299 Homero.
1019 1256 1096 1313 quae
1115 1237 1283 1298 observatio
1302 1239 1392 1313 capiti

219 1322 291 1399 περὶ
314 1319 380 1387 τῶν
403 1322 677 1400 ὑποπτευομένων
699 1327 812 1402 optime
834 1327 979 1386 convenit.
1015 1327 1158 1386 tractavit
1177 1326 1255 1386 onim
1278 1327 1392 1387 Aristo-

219 1417 332 1492 phanes
356 1415 522 1494 Byzantius
546 1417 601 1475 hoc
624 1416 721 1491 capite
744 1434 796 1476 aas
819 1415 1000 1491 notationes,
1024 1435 1100 1492 quae
1123 1419 1158 1474 ut
1178 1415 1325 1476 barbarae
1344 1417 1393 1476 vel

220 1505 354 1565 noviciae
369 1507 407 1566 ab
427 1498 590 1582 ‘antiquis'
610 1498 642 1585 (i.
658 1525 682 1564 e.
697 1504 838 1582 classicis,
857 1508 892 1564 ut
905 1505 1025 1581 vulgari
1039 1505 1130 1565 verbo
1144 1497 1228 1583 utar)
1247 1505 1396 1580 scriptori·

217 1596 273 1654 bus
293 1597 455 1669 usurpatae
474 1613 533 1653 non
552 1613 617 1654 esse
636 1594 899 1670 existimabantur,
923 1598 955 1654 et
972 1593 1184 1655 vocabulorum
1207 1595 1392 1668 quorundam

217 1702 311 1743 novas
325 1684 374 1743 vel
388 1683 525 1743 insolitas
541 1683 772 1759 significationes
787 1687 818 1743 et
830 1684 912 1759 ipsas
927 1675 1103 1742 ‘veteribus’
1114 1683 1190 1743 falso
1199 1683 1394 1744 abiudicatas.

217 1773 319 1848 itaque
327 1769 392 1848 ζωή
403 1774 535 1848 glossam
545 1773 618 1849 quin
624 1765 939 1848 capitiAristophaheo
949 1770 1079 1832 tribuam
1090 1772 1188 1830 facere
1194 1790 1253 1832 non
1262 1791 1394 1848 possum.

306 1860 413 1921 Altera
426 1863 542 1940 glossa,
561 1879 649 1938 quam
664 1861 823 1920 Fresenius
838 1853 872 1922 in
892 1861 1020 1921 indicem
1033 1880 1092 1920 non
1105 1861 1228 1937 recepit,
1246 1880 1301 1938 ego
1320 1861 1392 1921 item

217 1951 411 2026 Aristophani
435 1951 568 2028 assigno,
589 1953 636 2010 est
659 1946 795 2024 λέμφοε,
819 1969 896 2026 quae
919 1953 1017 2010 exstat
1039 1950 1070 2008 in
1089 1949 1232 2025 ampliore
1254 1950 1307 2010 illo
1328 1951 1393 2011 loco

216 2039 468 2115 Eust.p.1761‚
491 2041 545 2099 16:
569 2037 670 2114 δῆλον
685 2036 728 2098 γδὲ
756 2033 806 2098 ὅτι
833 2055 868 2099 τε
896 2035 1019 2115 λέμφοε
1049 2035 1115 2114 [διὰ
1137 2038 1196 2098 τοῦ
1219 2056 1245 2115 φ
1269 2035 1308 2099 οὐ
1333 2037 1393 2114 μὴν

217 2124 270 2188 διὰ
292 2129 350 2189 τοῦ
375 2125 406 2206 β]
437 2126 457 2203 ἡ
481 2128 643 2203 πεπηγυῖα
671 2124 751 2201 μύξα
778 2123 858 2188 κατὰ
885 2125 961 2188 τοὺ(
989 2125 1145 2188 παλαιοῦ(
1175 2123 1224 2206 [ἐκ
1246 2128 1312 2189 τῶν
1336 2147 1391 2204 μυ-

217 2215 342 2291 κτήρων
376 2239 404 2279 ν.
428 2218 535 2276 Nauck
557 2238 586 2293 p.
613 2219 675 2276 173
700 2220 760 2277 not.
785 2214 857 2293 22],
889 2212 966 2277 ὅθεν
995 2215 1045 2277 καὶ
1075 2214 1198 2292 λέμφοε
1226 2211 1245 2276 ὁ
1269 2213 1394 2297 εὐήθηε,

217 2303 340 2381 ἐπειδή,
370 2321 479 2382 curru,
508 2301 553 2366 εἰ(
581 2300 702 2379 μωρίαν
731 2301 928 2366 ὃιέεκωπτον
955 2302 1031 2365 rote
1063 2300 1237 2379 ῥεομένου(
1264 2303 1300 2366 ἐκ
1326 2307 1393 2366 τῶν

217 2392 376 2469 μυκτήων·
400 2389 476 2456 ὅθεν
499 2391 550 2455 καί
573 2389 731 2468 ἀπομύξαι
753 2389 825 2455 τινὰ
847 2391 885 2455 τὸ
908 2391 1108 2469 ἐξαπατῆεαι,
1132 2391 1183 2454 καὶ
1206 2389 1256 2454 ὅτι
1279 2392 1330 2454 καὶ
1353 2392 1393 2455 τὰ

217 2479 344 2558 μυξώδη
364 2482 440 2557 κρέα
459 2480 575 2560 λέμφοι
595 2479 779 2544 ἐκαλοῦντο.
813 2480 864 2544 καὶ
882 2477 931 2542 ὅτι
951 2477 1057 2557 ὥεπερ
1077 2477 1095 2542 ὁ
1115 2480 1238 2558 λέμφοε
1258 2479 1277 2543 ὁ
1296 2501 1391 2559 προε-

212 2573 300 2646 ἐχῶε
320 2569 434 2650 (puceu
452 2571 574 2648 vrrorrh
604 2570 663 2634 καὶ
691 2573 771 2632 τοῑε
799 2572 961 2633 πολλοί(
992 2569 1155 2649 [παλαιοῑε
1183 2574 1257 2633 coni.
1286 2574 1393 2634 Nauck

217 2663 371 2739 Melanges
391 2661 640 2722 Gracc-Romaim
659 2661 706 2720 ΙΙΙ
723 2683 752 2737 p.
771 2660 848 2737 173]
868 2655 1055 2738 ἀτυνήθηε
1074 2659 1175 2723 λέξιε
1194 2657 1287 2741 ἐετίν,
1306 2659 1392 2723 οὕτω

217 2746 310 2810 καὶὸ
335 2747 423 2825 παρὰ
449 2752 496 2830 τῷ
520 2752 645 2831 κωμικῷ
675 2746 817 2830 Κρατίνῳ
845 2745 969 2812 εάνναε.
1007 2746 1104 2811 αὐτὸ(
1132 2747 1240 2824 μέντοι
1267 2748 1307 2811 οὐ
1334 2748 1392 2812 τὸν

218 2836 315 2915 εὐήθη
339 2835 450 2900 ἁπλῶε
474 2840 575 2915 δηλοῖ,
599 2835 682 2899 ἀλλὰ
700 2836 758 2899 τὸν
776 2835 886 2914 μωρόν
905 2885 911 2900 .
927 2886 933 2900 .
949 2885 978 2900 ..
998 2835 1017 2899 ὁ
1040 2837 1076 2899 δὲ
1095 2835 1153 2899 τὸν
1176 2834 1295 2901 εάνναν
1318 2840 1391 2900 τοῦ·

217 2945 275 2989 τον
307 2925 613 3004 παραεημηνάμενοε
645 2923 872 3005 Ἀριετοφάνηε
900 2924 919 2988 ὁ
946 2925 1159 3004 γραμματικὸε
1189 2925 1240 2988 καὶ
1272 2921 1392 2989 ἄλλα(

218 3013 407 3080 ἐκτίθεται
429 3014 701 3094 καινοφώνουτ
720 3014 856 3092 λέξετε,
881 3011 952 3079 οἷον
972 3012 1102 3078 ἄαλλαν
1122 3016 1187 3076 κτλ.
1209 3049 1246 3058 -
1269 3013 1392 3093 λέμφοε

218 3111 249 3168 et
272 3101 389 3168 (άνναε
416 3115 452 3166 ut
474 3107 708 3184 Aristophaneas
736 3109 854 3184 glossas
881 3107 959 3166 inter
988 3105 1194 3183 βλαεφημιῶν
1221 3107 1392 3184 fragmenta

218 3197 331 3272 recepit
349 3197 455 3256 Nauck
475 3189 546 3278 (frg.
567 3190 633 3278 22).
670 3196 723 3257 sed
741 3199 867 3273 apparet
885 3193 1008 3271 λέμφοε
1026 3197 1158 3272 glossam
1177 3195 1215 3254 ab
1233 3196 1393 3277 Eustcthio

219 3305 255 3345 ex
274 3286 377 3346 eodem
396 3287 492 3362 capite
511 3304 577 3346 esse
596 3289 747 3362 sumptam
765 3287 843 3345 unde
862 3280 986 3346 (άνναε.
1013 3304 1083 3344 ποια
1098 3284 1177 3344 unde
1192 3285 1266 3345 scire
1285 3287 1392 3362 potuit,

218 3372 342 3450 λέμφοε
361 3394 426 3436 esse
446 3373 531 3437 λέξιν
550 3373 661 3451 καινὴν
681 3371 731 3434 καὶ
749 3375 818 3435 roi(
836 3373 970 3435 πολλοί(
985 3370 1047 3451 (vol
1066 3367 1230 3454 παλαιοῑτ)
1254 3369 1390 3451 ἀευνήθη

217 3464 275 3524 nisi
303 3484 320 3524 e
345 3465 443 3540 capite
471 3459 559 3540 ‘cepi
582 3461 777 3539 καινοτέρων
800 3457 957 3526 λέξεων’ί
985 3463 1181 3540 interpolavit
1208 3482 1279 3523 sane
1306 3464 1392 3522 Eust.

218 3572 300 3613 more
315 3574 368 3614 suo
382 3553 592 3630 Aristophanis
611 3553 704 3614 verba
722 3554 840 3631 alienis3
861 3572 896 3612 er
914 3553 1117 3629 Aristophane
1130 3552 1287 3627 descripsit
1300 3554 1393 3612 verba

219 3636 295 3703 ὅθεν
314 3639 365 3701 καὶ
384 3639 507 3718 λέμφοε
528 3675 570 3684 -
590 3638 794 3728 ἐξαπατῆεαι,
813 3642 929 3718 reliqua
947 3634 1103 3716 aliundo.⁹)

293 3814 313 3881 ⁹)
333 3813 424 3869 Locus
443 3829 458 3867 e
476 3813 611 3881 quattuor
625 3812 725 3883 glossis
739 3810 911 3880 compositus
930 3812 975 3865 est
992 3809 1082 3865 hisce:
1103 3815 1127 3863 1.
1145 3811 1251 3877 λέμφοε
1269 3812 1287 3877 ἡ
1306 3828 1392 3878 πεπη-

217 3892 282 3951 γυῖα
301 3886 379 3951 μύξα.
408 3890 432 3938 2.
451 3885 557 3951 λέμφοε
576 3885 592 3937 ὁ
610 3886 721 3951 εὐήθηε,
740 3885 835 3949 ἐπειδὴ
850 3881 888 3936 εἰ(
907 3881 1013 3950 μωρίαν
1032 3882 1199 3936 διέεκωπτον
1213 3884 1280 3936 τοὺ(
1298 3885 1392 3950 ῥεομέ-

218 3973 285 4011 νουε
303 3957 409 4010 ἐκτῶν
429 3957 585 4022 μυκτήρων.
614 3961 638 4008 3.
659 3955 795 4020 ἀπομύξαι
808 3955 842 4008 τὸ
857 3954 1030 4020 ἐξαπατῆεαι.
1057 3957 1082 4006 4.
1102 3953 1203 4019 λέμφοι
1225 3954 1261 4007 τὰ
1279 3956 1391 4020 μυξώδη

218 4029 292 4094 κρέα.
320 4026 441 4096 primam
456 4026 578 4096 glossam
593 4025 697 4080 eisdem
711 4024 803 4081 verbis
817 4024 1036 4094 interpretantur
1048 4023 1169 4092 Hesyoh.
1183 4024 1265 4079 Phot.
1281 4025 1392 4089 Moeris,

218 4099 314 4167 itaque
333 4115 349 4152 e
367 4098 456 4153 lexico
475 4096 616 4152 rhetorico
635 4097 671 4151 ab
689 4096 839 4150 Eustathio
856 4096 998 4165 sumptam
1016 4111 1076 4150 esse
1099 4095 1227 4152 arbitror.
1255 4096 1285 4150 in
1302 4096 1392 4150 altera

218 4171 323 4239 glossa,
347 4187 433 4238 quam
451 4167 686 4238 Aristophaneam
711 4183 824 4233 censeo,
847 4165 1012 4236 explicanda
1034 4182 1116 4221 nemo
1139 4167 1233 4222 verbis
1256 4183 1318 4221 cum
1337 4165 1390 4218 Eu-

220 4241 326 4297 stathio
346 4239 488 4310 conspirat
507 4238 552 4308 (cf.
572 4238 647 4294 Suet.
669 4242 764 4306 βλαεφ.
784 4239 822 4292 εί(
840 4239 951 4305 μωρούε
969 4253 1013 4307 ap.
1029 4237 1122 4292 Miller
1134 4239 1278 4306 Melanges
1291 4253 1318 4305 p.
1328 4241 1390 4302 421,

218 4312 337 4381 Hesych.
356 4312 436 4366 Phot.
456 4310 579 4378 λέμφοε).
606 4310 692 4365 tertia
714 4309 822 4379 glossa,
846 4308 899 4364 etsi
923 4309 959 4363 ab
981 4308 1177 4380 Aristophanis
1201 4307 1317 4361 consilio
1341 4324 1391 4376 per

220 4400 249 4437 se
267 4382 368 4451 aliena,
386 4385 482 4438 tamen
499 4381 648 4437 memorari
666 4380 771 4451 potuit:
791 4380 864 4436 solet
878 4380 952 4434 enim
966 4384 1012 4436 Ar.
1027 4381 1092 4452 Byr..
1106 4380 1203 4435 doctas
1219 4393 1282 4432 suas
1297 4378 1388 4448 dispu-

219 4453 340 4512 tationes
363 4453 517 4509 minoribus
541 4469 639 4510 ornare
667 4451 907 4510 observationibus
930 4452 975 4521 (cf.
999 4451 1119 4524 Hesych.
1143 4451 1323 4518 ἀπομύττειν·
1352 4451 1391 4505 ἐξ·
