3102 5158
157 257 199 315 De
212 256 401 330 Aristophane
415 259 550 330 Byzantio
562 261 594 316 'et
608 259 741 316 Suetonio
750 259 912 330 Tranquillo
928 260 1059 316 Eustathi
1072 259 1241 317 auctoribus.
1262 261 1327 325 355

156 422 284 502 γράψας
303 431 334 487 et
352 449 379 504 p.
401 431 495 506 1397,
516 431 555 490 39
580 426 703 490 ἐκεῖνος
725 424 743 490 ὁ
762 425 802 490 τὰ
820 425 893 504 περὶ
911 430 966 505 τῆς
985 423 1057 492 καθ’
1081 425 1237 502 Ἕλληνα(
1256 445 1327 489 παι-

156 515 225 577 διᾶς
248 511 377 592 γράψας
397 518 561 594 ,εἱραίίίαοὴ
585 518 760 578 Suetonium
779 518 987 594 Tranquillum
1010 538 1075 579 esee
1099 519 1211 595 primus
1234 519 1328 594 suspi-

156 609 240 666 catus
270 610 316 666 est
344 605 547 670 Caecubonue.
583 612 614 668 et
641 607 866 681 Reifferscheid,
894 625 962 666 cum
985 608 1110 669 Suetoni
1132 626 1220 666 usum
1247 605 1327 682 apud

156 696 349 756 Eustathium
372 697 464 756 latius
489 701 593 773 patere
615 697 810 772 perspiceret,
839 713 978 774 magnam
1005 701 1123 774 partem
1150 685 1327 757 lueuum‘in

156 784 299 843 Eustathi
321 786 542 846 commentariis
566 786 782 862 descriptorum
806 784 946 846 Suetonio
969 786 1131 846 vindicavit
1153 786 1184 846 in
1205 785 1328 862 eiusque

156 874 297 950 reliquias
311 873 433 950 recepit.
452 894 512 952 que
525 875 556 933 in
570 894 602 934 re
617 894 706 951 quam
720 876 800 936 rect-c
815 875 920 935 fecerit
933 875 1154 952 Reifferscheid,
1169 877 1328 951 postquam

157 965 296 1038 excerpta
314 963 375 1022 ML
395 964 427 1022 in
444 965 541 1024 lucem
558 964 742 1041 prodierunt,
760 965 927 1024 luculenter
944 965 1091 1041 apparuit.
1119 983 1188 1024 nam
1203 981 1278 1040 quae
1297 963 1328 1022 in

156 1051 217 1110 ML
236 1055 304 1127 post
319 1056 459 1129 excerpta
478 1052 684 1128 βλαςφημιῶν
703 1055 734 1112 et
753 1050 872 1114 λέξεων
885 1052 1174 1130 Aristophanearum
1186 1053 1328 1130 leguntur

156 1142 326 1218 fragmenta
349 1141 387 1200 ad
411 1145 623 1218 argumentum
645 1140 782 1202 παιδιῶν
810 1142 978 1218 spectantia
1001 1142 1142 1208 Suetonio
1169 1141 1329 1201 tribuenda

156 1249 222 1290 esse
246 1224 349 1311 (titulo
374 1230 452 1290 enim
475 1223 590 1310 curent)
614 1250 774 1292 consensus
797 1231 961 1307 fragmenti
983 1231 1111 1292 Parisini
1135 1231 1258 1308 evincit;
1282 1249 1328 1289 ex-

157 1323 253 1379 trema
272 1319 349 1379 enim
368 1320 400 1380 in
418 1319 478 1378 ML
497 1321 599 1396 glossa
618 1315 823 1396 ςκινθαρίῑειν
840 1320 959 1380 initium
977 1321 1050 1381 facit
1067 1322 1236 1397 glossarum
1255 1318 1327 1378 Sue·

156 1409 346 1468 tonianarum
360 1428 436 1485 quae
450 1410 482 1468 in
494 1409 551 1485 frg.
566 1409 660 1492 Paris.
674 1410 818 1484 leguntur
832 1401 873 1489 (v.
888 1429 953 1486 sup.
967 1430 995 1486 p.
1012 1401 1100 1491 397).
1128 1410 1212 1468 lusus
1226 1411 1328 1468 autem

156 1501 187 1558 in
207 1497 267 1556 Ml,
286 1500 530 1559 commemoratos
549 1502 670 1575 excepto
689 1516 749 1559 uno
767 1490 1142 1580 (τρυγοδίφηςις).οιηιιαρ
1160 1497 1328 1558 accuratius

156 1591 187 1649 et
214 1587 362 1664 copiosius
389 1587 533 1648 tractavit
560 1587 747 1647 Eustathius.
788 1588 840 1648 sed
868 1592 1007 1664 excerpta
1033 1588 1094 1646 ML
1123 1607 1158 1647 ex
1186 1585 1328 1646 Eustathi

155 1676 376 1738 commentariis
400 1677 490 1735 etiam
514 1677 649 1752 suppleri
671 1695 759 1752 posse
782 1679 813 1736 et
835 1677 933 1736 Miller
957 1668 999 1757 (p.
1019 1670 1098 1758 396)
1119 1678 1150 1736 et
1167 1675 1328 1736 Fresenius

155 1759 197 1846 (p.
217 1757 274 1845 49)
293 1765 513 1826 intellexerunt.
552 1765 688 1841 equidem
708 1783 809 1825 omnes
829 1760 956 1826 παιδιάς
974 1767 1013 1824 ab
1031 1766 1191 1825 Eustathio
1210 1782 1327 1824 enerra-

154 1860 216 1930 tas,
244 1872 321 1930 quae
348 1853 468 1930 quidem
494 1855 532 1914 ab
560 1855 625 1931 ipso
648 1857 729 1915 certo
753 1855 868 1914 auctori
890 1871 950 1914 non
974 1855 1157 1927 tribuantur,
1186 1852 1327 1914 Suetonio

152 1944 277 2004 reddere
309 1961 368 2004 non
396 1943 509 2004 dubito.
555 1943 747 2004 illustrantur
775 1946 877 2004 eutem
904 1939 1025 2004 παιδιαί
1055 1943 1254 2004 Suetoniauoe
1281 1942 1328 2008 his

152 2023 301 2113 locis¹⁶⁶)·

176 2122 229 2185 *1.
246 2115 356 2197 κυβεία
374 2115 503 2182 πεττεία
521 2115 782 2196 ἀςτραγαλιςμόςε
806 2121 866 2180 ML
885 2122 970 2185 Eust.
988 2143 1016 2199 p.
1038 2124 1133 2199 1397,
1154 2124 1172 2181 7
1193 2113 1328 2200 (9981.

245 2212 338 2283 1083,
359 2212 410 2270 63.
430 2212 503 2287 633,
522 2212 573 2270 56.
595 2213 688 2284 1289,
709 2204 776 2292 53).

177 2299 230 2360 *9.
249 2295 302 2359 διὰ
321 2295 456 2374 ςφαίρας
475 2295 598 2360 παιδιάς
617 2300 702 2360 Eust.
721 2321 750 2376 p.
772 2299 865 2376 1601,
885 2303 928 2362 30
948 2294 1058 2381 (1553,
1081 2291 1147 2381 69).

204 2392 233 2449 3.
252 2388 363 2463 γρῖφοι
384 2380 511 2468 (divort
532 2388 592 2447 ML
611 2389 697 2449 Eust
716 2410 745 2465 p.
766 2391 839 2464 713,
860 2392 910 2451 10.

175 2479 228 2538 *4.
248 2472 456 2551 ἑωλοκραςίαι
479 2477 575 2538 Tacta.
596 2479 631 2536 V.
645 2478 682 2536 Η.
701 2478 745 2537 VI
765 2479 837 2538 875.
856 2479 942 2540 Eust.
960 2499 988 2554 p.
1011 2479 1105 2555 1451,
1125 2479 1177 2539 55.

176 2568 230 2627 *5.
249 2561 416 2641 κότταβοςι
435 2566 531 2627 Treta.
551 2568 570 2629 l.
590 2567 610 2628 l.

200 2661 227 2717 6.
247 2650 404 2730 μηλάνθηε
427 2655 489 2714 ML
507 2656 593 2715 Eust.
611 2677 639 2732 p.
661 2659 755 2730 1399,
776 2658 827 2717 95.

176 2746 228 2806 *7.
248 2739 444 2818 ἑλκυςτίνδα,
465 2742 624 2819 ςκαπέρδα
638 2741 760 2806 dicent:
780 2746 841 2804 ML
860 2747 946 2808 Eust.
964 2767 992 2822 p.
1014 2748 1109 2821 1111,
1130 2747 1180 2804 91.

176 2835 229 2896 *8.
248 2828 507 2910 ἐποςτρακιςμόςι
527 2834 588 2892 ML
607 2835 692 2894 Eust.
711 2855 740 2910 p.
762 2838 856 2909 1161,
876 2837 927 2896 34.

176 2920 228 2985 *9.
248 2917 403 2996 ὀςτράκρυ
423 2921 627 2998 περιςτροφή,
647 2918 848 2996 ὀςτρακίνδα;
869 2923 930 2982 ML
949 2924 1033 2983 Eust.
1053 2923 1123 2982 ibid.
1211 2944 1217 2954 ·

179 3014 227 3074 10.
247 3007 344 3087 φίττα
359 3006 534 3085 Μαλιάδες,
553 3007 650 3086 φίττα
663 3007 775 3072 Ῥοιαί;
795 3013 855 3070 ML
870 3013 955 3072 Euat.
969 3033 998 3088 p.
1015 3013 1109 3088 1963,
1124 3013 1176 3073 39.
1190 3012 1264 3086 855,
1276 3010 1328 3069 95.

153 3095 468 3173 *11.κυνδαλιςμός;
488 3101 549 3159 ML
568 3101 654 3162 Eust.
672 3121 700 3176 p.
721 3103 794 3175 540,
815 3104 866 3162 93.

178 3195 227 3250 19.
246 3183 474 3264 ἀςκωλιαςμόςε
494 3189 555 3248 ML
574 3191 658 3250 Eust.
678 3211 706 3266 p.
729 3193 823 3264 1646,
843 3193 894 3250 91.

177 3283 227 3340 13.
246 3273 483 3353 τρυγοδίφηςιςε
504 3279 573 3338 ML.

152 3369 226 3429 *14.
247 3363 283 3427 ἐν
302 3362 432 3446 κοτύλῃε
451 3367 536 3427 Eust.
556 3387 582 3444 p.
603 3369 677 3440 550,
698 3370 725 3428 9.

178 3460 227 3518 16.
246 3449 482 3531 ἱμαντελιγμόςι
501 3456 585 3517 Eust.
604 3477 631 3532 p.
653 3460 726 3530 979,
746 3460 796 3517 98.

174 3550 224 3607 16.
245 3538 426 3620 χαλκιςμός;
451 3544 534 3605 Eust.
554 3565 580 3620 p.
602 3547 675 3622 986,
695 3547 745 3606 41.
768 3548 862 3619 1409,
884 3548 932 3606 17.

151 3633 226 3697 *lu
246 3634 347 3709 χαλκῆ
367 3632 455 3707 puio:
475 3635 559 3694 Eust.
578 3654 606 3710 p.
629 3637 723 3711 1943,
743 3637 793 3694 99.

151 3726 227 3784 *18.
249 3719 422 3799 βαςιλίνδαε
445 3723 528 3784 Eust.
548 3743 575 3798 p.
598 3725 691 3795 1495,
711 3726 763 3784 41.
823 3749 827 3758 ·

176 3815 225 3873 19.
246 3809 332 3885 χὲλει
352 3806 492 3886 χελώνηε
512 3812 598 3872 Eust.
617 3832 644 3887 p.
666 3814 761 3886 1914,
781 3814 831 3872 54.

174 3904 227 3964 90.
246 3895 463 3974 ςκινθαρίζεῑνῑ
484 3900 545 3959 ML
563 3901 620 3976 frg.
640 3899 707 3962 Par.
727 3899 747 3976 ξ
769 3902 818 3961 18.
843 3901 928 3961 Eust.
948 3922 975 3977 p.
996 3903 1070 3975 861,
1093 3905 1141 3962 10.

174 3994 225 4051 91.
245 3984 482 4064 ῥαθαπυγίῑειντ
500 3991 557 4066 frg.
576 3989 642 4050 Par.
663 3989 682 4062 6
703 3992 752 4050 18.
777 3991 861 4050 Euat.
880 3990 950 4050 ibid.

241 4077 363 4138 Certum
386 4081 537 4137 auctorem
561 4098 650 4154 quem
672 4079 704 4137 in
726 4079 842 4139 lusibus
862 4079 1041 4140 Graecorum
1060 4079 1260 4139 describendis
1280 4097 1324 4138 sc-

149 4172 238 4232 cutus
258 4168 299 4227 sit
317 4165 475 4226 Suetonius
493 4167 679 4244 ignoramus3
702 4187 760 4227 non
780 4167 859 4228 enim
878 4167 944 4244 quis
963 4173 1033 4228 ante
1053 4167 1232 4228 Suetonium
1252 4163 1325 4242 περὶ

152 4306 365 4318 .-...---——

167 4445 173 4457 ⁸
225 4373 271 4441 166)
278 4373 379 4501 tguerre
398 4371 455 4430 iam
475 4389 492 4430 a
510 4372 740 4434 Reifferscheidio
761 4372 791 4428 in
815 4372 930 4432 Suetoni
952 4371 1084 4446 reliquias
1104 4374 1231 4448 receptor
1250 4375 1323 4433 aste·

150 4461 222 4506 risco
240 4461 277 4506 no
309 4462 346 4506 v1.
