3102 5158
153 269 195 322 De
209 267 400 338 Aristophane
414 264 547 337 Byzantio
561 269 591 322 et
606 269 738 356 Suetonio
750 269 911 340 Tranquillo
926 270 1057 326 Eustathi
1071 271 1240 328 auctoribus.
1261 272 1325 338 291

203 433 214 490 .,“
241 437 305 508 Quo
329 435 452 497 consilio
473 449 623 515 'quemque
647 439 796 498 adfinem
820 439 1036 515 Aristophanes
1065 443 1120 500 hoc
1142 445 1234 517 caput
1258 443 1327 502 scri·

11 517 15 532 ’
76 537 79 542 “
143 515 244 604 ¹pserit
267 545 358 604 supra
380 527 441 585 iam
468 527 537 588 dixi.
572 547 630 603 quo
649 527 685 587 de
704 528 828 589 oonsilio
847 529 988 589 certiores
1013 529 1085 588 facti
1111 549 1212 589 sumus
1237 531 1327 591 titulo

150 617 256 718 capitis
270 616 301 674 in
316 615 347 674 M
362 616 477 676 exhibit
464 620 504 676 t.o
523 617 600 676 ratio
615 619 799 692 tutamque
812 637 877 676 rem
892 637 977 677 suam
989 617 1206 700 Aristophanes
1221 622 1327 696 egerit,

151 705 280 781 perspici
298 724 357 764 non
375 707 476 780 potest
493 706 552 764 nisi
571 725 606 764 ex
625 707 701 764 Most
702 706 792 766 ethio.
821 703 880 766 exc.
900 707 966 766 Me
950 707 1202 784 etiragmentum
1215 709 1327 769 Parwisi

149 814 222 854 num
244 795 358 854 nullam
381 794 443 854 fere
467 798 501 854 ut
488 795 629 854 tilitatem
652 795 844 871 praeberent,
867 795 926 854 nisi
951 815 1007 872 per
1034 797 1130 858 lll'usta
1130 793 1227 857 thium
1255 817 1323 874 sup·
1345 852 1349 858 .

99 955 102 960 Ι
149 885 313 960 plerentur.
350 884 460 942 etenim
488 884 601 961 quod'
592 905 624 942 m
651 885 915 961 grammaticorum
940 888 1076 946 veterum
1101 886 1186 946 libris
1214 889 1325 963 pretio

153 973 303 1032 sissimum
318 972 487 1032 litterarum
502 973 694 1048 antiquarum
708 974 918 1050 cognitionit
884 995 904 1032 u
905 974 1078 1034 tilissimum
1091 975 1169 1035 doct'
1148 978 1187 1036 trs
1204 977 1327 1036 illorum

132 1086 136 1095 ·
151 1066 320 1138 temporum
335 1062 442 1132 studiis
456 1065 537 1122 recte
550 1062 689 1138 iusteque
705 1062 873 1138 iudicandis
885 1064 1156 1124 commodissimum
1171 1069 1225 1143 cst,
1243 1067 1327 1126 testi·

152 1151 252 1212 monia
268 1151 333 1210 dico
348 1153 487 1222 veterum,
499 1151 677 1227 scriptorum
693 1143 854 1233 (χρήςεις),
872 1152 904 1210 id
916 1153 1084 1214 incredibili
1098 1155 1327 1230 compilatorum

93 1237 97 1244 '
152 1241 387 1318 Byzantinorum
396 1240 588 1317 neglegentia
597 1241 769 1316 frequenter
783 1241 902 1302 silentio
916 1243 1160 1317 praetermissum
1175 1247 1229 1304 est.
1247 1245 1327 1304 idem
1341 1293 1345 1301 .

56 1317 60 1328 ’
124 1343 133 1350 ’·
152 1329 349 1404 Aristophani
366 1329 513 1405 Byzantio
531 1329 640 1389 accidit
657 1330 688 1388 in
707 1329 738 1388 M
757 1330 883 1406 ecfrag.
901 1331 1003 1407 Paris,
1025 1331 1131 1390 ubine
1151 1353 1243 1391 unum
1262 1334 1326 1409 qui·

85 1459 89 1465 -
150 1420 220 1478 dem
240 1417 448 1488 testimonium
472 1420 580 1480 exstat.
612 1410 647 1478 eo
670 1419 813 1483 maiorem
836 1421 995 1480 Eustethio
1020 1421 1162 1481 debemus
1187 1423 1327 1500 gratiam,

114 1511 115 1514 ’
154 1509 233 1585 quod
252 1526 354 1588 omnes
367 1507 431 1566 fere
445 1526 520 1583 quas
535 1508 743 1584 inexemplari
757 1526 811 1566 suo
825 1509 902 1584 legit
920 1507 1043 1583 χρήςεις
1058 1509 1215 1585 descripsit
1229 1531 1267 1570 ac
1280 1515 1328 1572 tot

152 1591 1327 1680 tamquebenafragmentaeveteribusscriptoribuspetitamemoriaeprodidit.

243 1687 357 1756 Verum
383 1685 462 1744 enim
479 1705 549 1746 vero
572 1687 745 1753 testimonia
763 1687 802 1746 ab
814 1685 1021 1763 ‚Aristophane
1039 1688 1185 1765 Byzantio
1203 1689 1241 1748 ad
1259 1690 1326 1748 illu-

154 1775 293 1835 strandas
312 1765 432 1850 glossas
448 1775 541 1834 allata
560 1775 623 1834 sine
642 1775 733 1835 dubio
752 1775 891 1835 uberiora
908 1777 1031 1836 fuerunt
1049 1797 1138 1852 quam
1156 1778 1270 1837 tradita
1288 1779 1326 1838 ab

153 1864 322 1924 Eustathio.
359 1863 470 1923 etenim
493 1883 530 1924 ne
554 1865 696 1924 Mustathi
719 1863 839 1940 quidem
865 1868 1004 1941 excerpta
1025 1867 1139 1926 lacunis
1162 1886 1262 1927 carere
1287 1899 1323 1908 —

106 2005 108 2010 .
153 1973 230 2030 (luae
244 1953 405 2013 Eustathio
420 1972 458 2012 an
472 1953 564 2029 priori
579 1954 695 2013 cuidam
706 1953 896 2030 epitomatori
909 1955 1075 2014 debeantur
1087 1955 1162 2014 nihil
1171 1956 1265 2016 refert
1275 1988 1326 2033 -,

154 2063 222 2102 cum
231 2063 247 2102 e
257 2043 477 2118 comparatione
487 2061 553 2102 oum
564 2042 621 2118 frg.
632 2043 767 2103 Parisino
778 2047 808 2103 et
818 2046 955 2121 excerpto
969 2043 1001 2102 M
1015 2063 1106 2119 supra
1114 2045 1253 2104 instituta
1267 2045 1327 2106 iam

152 2123 350 2210 apparuitffl),
369 2135 435 2191 tum
450 2132 516 2207 ipse
535 2134 740 2206 excerptorum
758 2133 855 2192 forma
868 2133 963 2192 docet.
987 2132 1221 2208 Aristophanem
1238 2134 1326 2194 huius

153 2222 274 2298 quidem
288 2221 394 2296 capitis
403 2221 519 2297 glossas
529 2220 567 2280 ad
577 2238 667 2280 unam
680 2235 781 2281 omnes
796 2221 975 2281 testimoniis
985 2221 1137 2283 ornavisse
1149 2223 1327 2298 scriptorum

154 2311 303 2370 neminem
311 2329 398 2386 spero
408 2311 544 2369 futurum
552 2310 859 2387 quineget,nisiforte
867 2310 1130 2387 grammaticorum
1139 2313 1327 2372 aetatissuae

154 2399 317 2476 principem
330 2418 389 2458 non
403 2399 590 2474 praestitisse
603 2401 693 2475 putas
706 2399 737 2458 id
752 2399 831 2475 quod
848 2401 914 2476 ipso
933 2399 1039 2475 capitis
1057 2400 1147 2460 titulo
1162 2401 1248 2477 quasi
1261 2402 1327 2476 pro'-

153 2489 245 2548 misit.
281 2488 366 2564 atqui
389 2507 456 2548 cum
479 2485 653 2562 κοκκύζειν,
678 2491 713 2548 ut
735 2488 904 2565 exemplum
921 2489 1058 2566 afferam,
1081 2492 1224 2564 quattuor
1241 2491 1325 2550 testi-

154 2578 261 2638 moniis
279 2578 432 2636 muniatur
451 2577 604 2653 Sophoclis
624 2576 738 2636 Cratini
756 2577 890 2638 Platonis
908 2577 1037 2653 Diphili,
1058 2579 1175 2656 glossae
1195 2573 1326 2654 ἀπόςτα,

155 2663 317 2742 ἐλέγοςαν,
329 2660 545 2728 ἐπικοκκάζειν
553 2660 600 2748 11),
610 2661 815 2740 ἐπικύλλωμα
825 2659 1093 2748 (κατακύλλωμα),
1104 2663 1270 2742 ἐπιςτάτης
1278 2661 1326 2746 ¹²),

156 2753 287 2832 λέμφος,
307 2751 406 2830 μαγίς,
426 2752 518 2830 μοιχή
538 2746 678 2837 (porgit),
697 2749 905 2830 ςτεγανόμιον
921 2756 1101 2817 testimoniis
1120 2757 1200 2832 apud
1218 2758 1327 2817 Eusta-

155 2845 254 2906 thium
273 2848 386 2906 carent:
405 2845 546 2904 nimirum
564 2845 707 2904 Eustathi
725 2846 877 2920 exemplar
894 2864 954 2904 non
972 2846 1033 2905 iam
1051 2846 1203 2922 integrum
1221 2847 1287 2907 fuit.

245 2933 399 2994 Accedunt
412 2934 472 2993 alia
485 2934 559 2993 vitia
573 2951 607 2994 ac
621 2934 756 2995 diversae
770 2930 967 3010 corruptelae,
980 2936 1088 3011 quibus
1102 2954 1161 2996 non
1175 2935 1328 3012 integrum

156 3025 246 3099 caput
265 3022 518 3099 Aristophaneum
536 3023 574 3082 ad
598 3042 652 3084 nos
675 3023 846 3098 pervenisse
870 3025 1024 3099 probatur.
1061 3025 1176 3100 aliquot
1193 3025 1328 3100 exempla

155 3113 313 3188 proferam.
350 3113 434 3172 Aust.
453 3132 481 3187 p.
503 3115 586 3172 1761
607 3160 613 3173 .
633 3157 640 3172 .
661 3157 667 3171 .
688 3107 837 3172 cosdore
861 3111 896 3172 δὲ
919 3109 1045 3174 τούτοις
1068 3110 1192 3174 ξενικὸν
1216 3110 1266 3174 καὶ
1290 3110 1327 3175 τὸ

156 3195 372 3276 spectetur
400 3198 502 3276 ἤγουν
530 3199 678 3274 μολῦναι,
706 3198 883 3277 προφέρων
907 3198 957 3261 καὶ
980 3199 1017 3262 τὸ
1041 3196 1115 3278 ςτὴν
1143 3199 1203 3276 μὲν
1226 3195 1327 3278 ἄρδαν

156 3284 212 3349 ἀπ’
232 3285 310 3363 ἐμοῦ
330 3283 517 3364 ςπόγγιςον’
542 3287 592 3351 καὶ
614 3287 653 3351 τὸ
673 3283 858 3362 Ἅίγύπτιος
877 3286 1040 3365 θοιμάτιον
1063 3284 1227 3365 ἠρδὰλωςὲ
1250 3285 1326 3365 μου’

155 3378 238 3456 prior
264 3398 369 3439 versus
397 3399 456 3440 non
484 3371 666 3455 ἀρδαλῶςαι
692 3379 818 3440 verbum
845 3380 992 3457 illustrat,
1025 3380 1077 3440 sed
1104 3399 1207 3440 vocem
1236 3374 1326 3454 ἄρδα.

155 3487 262 3545 nempe
281 3469 392 3528 omissa
410 3471 480 3528 sunt
498 3469 536 3529 ab
554 3469 714 3528 Eustathio
733 3469 781 3528 vel
800 3469 831 3528 in
850 3469 913 3528 eius
933 3465 1095 3545 exemplari
1113 3469 1223 3530 omisso
1242 3473 1328 3529 erant

156 3680 273 3743 αποιτᾱν,
288 3677 453 3757 γοῃτεύειν).
473 3673 613 3730 verbasci
625 3675 661 3729 τὰ
676 3675 788 3742 μυξώδη
803 3675 870 3743 κρέα
883 3675 983 3742 λέμφοι
993 3675 1167 3730 ἐκαλοῦντο
1158 3691 1218 3730 rure
1228 3675 1327 3731 Nauck

154 3745 338 3815 Aristophani
357 3745 530 3802 abiudicavit
547 3745 592 3814 (cf.
612 3745 694 3801 Phot.
714 3762 734 3799 s.
750 3764 775 3802 v.
794 3747 970 3815 λέ.μφοι)-
935 3745 1026 3814 -¹⁰)
1045 3748 1155 3802 Abeunt
1173 3748 1209 3802 ab
1227 3747 1327 3801 Eusta-

155 3817 217 3872 thio
236 3817 346 3887 glossae
366 3818 420 3888 frg.
430 3817 493 3872 Par.
515 3817 655 3885 ’,Αθηνοία
675 3822 847 3885 καταφαγᾱς,
867 3833 925 3872 exc.
940 3817 969 3870 M
983 3821 1194 3887 μεγαλοψυχειν,
1214 3823 1328 3886 μεγαλο-

155 3888 255 3956 ψυχία,
274 3891 380 3958 ἄρχειν,
399 3891 565 3957 τάγηνον.
565 3919 599 3929 -
634 3889 666 3956 ¹¹)
687 3887 850 3946 Derivatum
867 3886 903 3942 ab
922 3889 1109 3945 ἑπικοκκάζειν
1127 3890 1212 3944 verbo
1226 3906 1329 3946 nomen

154 3961 364 4029 ἐπικοκκάςτρια
386 3961 422 4015 ab
445 3941 631 4029 Aristophane
651 3959 774 4040 (Thesm.
794 3961 874 4027 1059)
893 3961 1057 4030 usurpatum
1079 3975 1139 4016 esee
1163 3961 1232 4015 dicit
1249 3961 1327 4017 Eust.

154 4050 181 4101 p.
208 4037 291 4099 1761,
319 4033 506 4088 ἐπικοκκάζειν
533 4030 596 4100 quis
620 4029 723 4085 dixerit
744 4029 864 4100 ignorat
905 4033 1029 4086 ceterum
1051 4033 1139 4087 verba
1160 4033 1236 4101 παρὰ
1260 4034 1328 4113 ’Aps-

155 4103 288 4170 ςτοφάνει
304 4103 363 4156 τὸ*
371 4102 465 4158 ἀοιδὸς
478 4103 575 4172 [immo
590 4103 726 4172 ἀντῳδὸς]
741 4102 964 4169 Ἡπικοκκάςτρια
984 4120 1051 4156 num
1064 4103 1259 4172 Aristophanis
1273 4102 1329 4158 sint

155 4174 214 4228 sine
235 4189 318 4228 cauea
336 4173 448 4228 dubitat
466 4174 567 4229 Nauck
631 4180 691 4228 202.
712 4173 746 4229 ci.
767 4177 871 4239 βουβᾶν
889 4172 1020 4257 glossam.
1051 4205 1082 4212 —-
1113 4173 1329 4243 12λἘπιςτάτης

155 4245 279 4314 glossam
298 4243 499 4314 Aristophanes
518 4262 562 4314 ap.
582 4193 660 4302 iuss.
674 4262 702 4313 p.
714 4249 791 4312 1827,
805 4250 839 4299 47
858 4244 980 4313 primum
999 4261 1033 4298 ex
1052 4244 1170 4299 aliorum
1189 4246 1329 4302 sententia

156 4315 279 4386 explicat
298 4318 384 4384 (toret
375 4321 461 4370 ιτοῑς
473 4319 584 4398 πολλοῖς
597 4318 751 4382 τάττεςθαι)
766 4331 916 4384 eorumque
929 4315 1042 4397 nomine
1056 4315 1154 4370 laudat
1167 4316 1329 4384 Homerum,

157 4387 340 4514 tu1tnEsetsu0
359 4387 478 4441 alteram
497 4387 573 4442 vocis
593 4386 825 4459 significationem
845 4385 932 4455 addit,
952 4385 1030 4442 cuius
1049 4389 1149 4442 testem
1169 4404 1224 4442 non
1238 4389 1328 4443 nomi-

155 4473 192 4514 na
249 4477 279 4514 us
