3102 5158
234 260 299 327 342
701 261 825 334 Leopold
844 260 936 320 Cohnr

237 433 429 509 comprobare
447 433 526 493 licet.
565 431 772 509 Tranquillum
800 435 993 510 praecipuum
1016 437 1168 496 auctorem
1193 437 1328 495 secutum
1348 453 1418 495 esse

235 523 424 600 Pamphilum
443 522 625 598 comparatio
650 523 736 582 docet
759 542 826 583 oum
845 524 996 600 Hesychio
1016 525 1143 600 aliisque
1158 525 1309 601 Pamphili
1333 525 1418 600 pedi-

235 615 334 688 sequis
353 612 506 671 instituta.

325 699 451 760 Constat
469 701 687 776 Diogenianum
705 702 820 761 lexicon
833 703 926 762 totius
941 703 1003 762 tere
1023 703 1198 779 graecitatis
1213 703 1417 779 composuisse

201 847 204 852 .
234 787 530 864 Περιεργοπένητε(
548 791 725 866 inscriptum
744 790 867 867 eiusque
888 792 984 867 operis
999 793 1086 868 quasi
1104 794 1231 851 alteram
1251 792 1415 852 editionem

234 898 354 939 curasse
374 879 558 955 Hesychium
576 879 820 939 Alexandrinum.
853 881 986 956 proclive
1005 887 1071 940 erat
1089 881 1222 940 conicere
1236 878 1414 954 Περιεργο-
1536 895 1537 900 ’

234 965 369 1042 πένητες
384 971 414 1028 et
423 967 600 1044 Diogeniani
615 968 765 1044 epitomen
778 969 864 1028 lexioi
874 969 1040 1046 Pamphilei
1059 964 1135 1050 (sive
1149 970 1251 1046 potius
1261 964 1413 1051 Vestinei)
1535 1001 1537 1048 q

235 1057 314 1116 idem
331 1057 424 1116 fuisse
443 1076 528 1134 opus.
557 1060 587 1116 et
605 1076 671 1116 earn
690 1059 890 1117 coniecturam
908 1059 1035 1134 probare
1054 1059 1234 1118 studuerunt
1254 1059 1289 1117 F.
1307 1059 1412 1118 Renlxe
1536 1059 1537 1118 ἶ

234 1148 265 1204 in
276 1147 525 1206 commentatione
541 1140 594 1204 ‘de
606 1146 692 1206 lexici
701 1146 884 1222 Hesychiani
898 1167 971 1206 vera
984 1148 1100 1224 origine
1114 1150 1145 1207 et
1158 1148 1290 1224 genuina
1302 1142 1413 1206 forme'

235 1238 265 1294 et
284 1236 446 1295 Mauricius
467 1235 601 1294 Schmidt
619 1235 649 1294 in
668 1232 899 1303 Quaestionibus
914 1237 1122 1313 Hesychianir,
1142 1237 1250 1312 quibus
1269 1255 1412 1296 assensus

235 1328 282 1384 est
300 1325 409 1386 Nabar.
437 1325 522 1400 atqui
536 1343 590 1384 nec
604 1323 712 1388 Suidas
731 1325 842 1384 librum
855 1322 1152 1400 Περιεργοπὲνητε(
1166 1326 1343 1402 inscriptum
1357 1344 1412 1385 nec

234 1413 366 1491 Hesychi
391 1414 429 1474 ad
453 1414 613 1493 Eulogium
638 1413 768 1488 epistula
790 1414 967 1489 Diogeniani
986 1415 1143 1490 Epitomcn
1169 1418 1413 1476 commemorant.
1537 1459 1538 1468 ,

234 1521 293 1578 qua
312 1523 345 1562 re
363 1506 529 1562 commotus
548 1502 688 1561 Weloker
708 1499 828 1578 (Kleine
847 1502 996 1562 Schriften
1015 1503 1046 1562 Il
1064 1523 1091 1578 p.
1112 1505 1176 1562 542
1197 1495 1276 1584 sqq.)
1295 1504 1412 1562 Rankei

234 1593 421 1651 coniecturae
440 1592 617 1651 adversatus
636 1591 817 1667 Diogeniani
830 1592 990 1668 Epitomcn
1004 1612 1023 1651 a
1037 1591 1128 1652 Suida
1146 1596 1410 1652 commemoratam

234 1681 445 1740 secernendam
474 1699 540 1740 esse
568 1680 731 1739 affirmavit
760 1680 798 1738 ab
826 1680 920 1740 lexico
944 1678 1240 1755 Περιεργοπένητεε
1268 1681 1411 1757 inscripto

234 1769 416 1846 Hesychiani
431 1770 517 1830 lexioi
531 1770 624 1829 fonte.
656 1769 808 1828 Welcheri
821 1789 940 1829 causam
957 1771 1088 1846 suscepit
1101 1770 1192 1846 Hugo
1208 1769 1319 1829 Weber
1334 1789 1411 1830 earn-

234 1865 291 1935 que
310 1863 415 1918 centra
434 1858 631 1918 Schmidtium
655 1859 781 1933 probare
806 1859 922 1918 studuit
940 1853 1004 1940 (de
1024 1860 1164 1935 Hesychii
1189 1860 1227 1918 ad
1250 1859 1411 1936 Eulogium

234 1941 389 2024 epistula',
422 1948 534 2008 Vimar.
560 1949 654 2007 1865.
702 1941 989 2025 <Untersuchungen
1017 1949 1091 2007 llber
1117 1949 1170 2008 das
1202 1948 1330 2008 Lexicou
1359 1949 1411 2007 des

234 2031 371 2114 Hesych'
394 2038 425 2096 in
449 2037 555 2099 Philol.
582 2036 678 2112 suppl.
702 2038 774 2098 tom.
797 2036 844 2095 III
866 2029 981 2119 (1867)
1006 2057 1034 2113 p.
1054 2030 1254 2115 451-624).
1291 2038 1412 2114 quade

238 2127 413 2202 quaestione
432 2127 504 2203 quid
523 2126 659 2200 sentiam,
677 2125 780 2201 paucis
800 2144 953 2201 exponam.

324 2215 438 2275 Narrat
456 2215 624 2292 Hesychius
642 2215 674 2273 in
692 2215 821 2290 epistula
839 2217 877 2274 cd
892 2215 1053 2292 Eulogium
1067 2215 1160 2276 lexico
1176 2233 1229 2275 suo
1246 2214 1412 2290 praemissa

235 2304 365 2380 primum
391 2304 523 2364 omnium
551 2304 770 2381 Diogenianum
799 2304 888 2362 simul
912 2323 1014 2364 omnes
1041 2306 1172 2363 omnium
1198 2307 1357 2380 poctarum
1382 2309 1414 2362 et

235 2394 414 2470 scriptorum
438 2390 538 2455 λέξει(
562 2393 723 2453 seeundum
747 2411 987 2468 unamquamque
1012 2394 1145 2453 litteram
1170 2393 1329 2469 dispositas
1354 2394 1413 2451 col-

234 2484 358 2560 legisse,
382 2502 449 2543 cum
474 2482 588 2559 priores
611 2481 813 2558 lexicographi
837 2482 1022 2559 singulorum
1046 2485 1165 2541 tantum
1188 2485 1345 2559 poetarum
1363 2482 1412 2541 vel

234 2591 358 2647 poeseos
382 2576 436 2632 aut
458 2571 607 2648 pedestris
631 2571 774 2630 orationis
798 2589 941 2646 generum
967 2569 1066 2632 λέξει(
1090 2573 1301 2644 contulissent,
1328 2572 1413 2630 velut

231 2648 286 2720 ‘alii
302 2662 476 2722 Homericae
491 2661 543 2720 alii
557 2660 688 2736 tragicas
703 2660 755 2719 alii
769 2661 895 2720 comicas
910 2661 962 2720 alii
976 2661 1153 2736 rhetoricas3
1173 2680 1299 2737 quorum
1319 2659 1412 2735 copiis

235 2751 325 2809 simul
339 2750 481 2811 adhibitis
495 2750 715 2824 Diogenianum
734 2750 849 2808 lexicon
865 2746 946 2810 κατὰ
960 2750 1117 2825 (τοιχεῖον
1132 2749 1298 2810 condidisse
1317 2749 1411 2809 totius

234 2839 298 2898 fere
321 2842 352 2898 et
374 2839 507 2915 poeticae
531 2838 668 2898 dictionis
692 2840 723 2898 et
744 2857 852 2914 prosae
876 2839 1028 2899 orationis.
1065 2841 1138 2898 haec
1158 2839 1268 2898 Weber
1291 2838 1329 2896 ab
1353 2838 1413 2896 He-

233 2927 336 3004 sychio
355 2947 372 2987 e
390 2927 569 3005 Diogeniani
594 2927 783 3003 praefatione
805 2928 1003 3004 transscripta
1025 2947 1090 2988 esse
1115 2928 1294 3004 arbitratum
1317 2945 1412 3002 quare

232 3017 424 3092 Pamphilum
443 3035 462 3076 a
476 3016 662 3092 Diogeniano
681 3029 741 3076 non
754 3018 913 3076 memorari
927 3017 1054 3076 miratus
1068 3036 1132 3076 rem
1146 3017 1191 3076 ita
1204 3015 1411 3092 explicandam

233 3108 342 3180 censet,
359 3109 394 3165 ut
408 3105 613 3182 Diogenianus
628 3105 779 3181 Pamphili
791 3107 907 3164 ratione
922 3125 981 3165 non
995 3106 1100 3165 habita
1113 3102 1411 3180 Περιεργοπένητεε

234 3195 435 3271 composuerit
450 3214 466 3252 e
480 3194 602 3270 Didymi
615 3194 801 3271 aliorumque
820 3191 940 3255 λέξεων
959 3195 1084 3272 syllogis
1103 3195 1319 3270 peculiaribus3
1339 3195 1412 3252 lexi-

234 3302 289 3343 con
307 3286 408 3343 autem
427 3284 465 3343 ab
484 3285 621 3359 Epitome
640 3283 733 3344 fuisse
751 3283 903 3343 diversum
923 3303 939 3343 e
958 3285 1134 3345 diuersitate
1158 3302 1276 3360 quoque
1294 3283 1411 3342 oonsihi

235 3373 315 3449 quod
334 3373 537 3450 Diogenianus
558 3365 603 3454 (in
621 3372 715 3432 lexico
735 3368 975 3454 succendendo)
995 3377 1027 3433 et
1044 3374 1108 3434 eius
1132 3374 1210 3449 quod
1234 3372 1411 3447 Pamphilus

234 3467 354 3522 secutus
374 3467 454 3522 esset
472 3463 590 3522 efficere
610 3462 734 3522 studuit.
772 3480 807 3522 ac
825 3481 884 3521 non
906 3463 986 3522 idem
1004 3463 1099 3522 fuisse
1117 3481 1191 3538 opus
1209 3462 1324 3520 lexicon
1342 3461 1411 3520 Dio-

233 3551 356 3627 geniani
372 3554 403 3610 et
413 3552 571 3626 Epitomcn
586 3551 660 3610 satis
676 3552 760 3610 bonis
774 3552 959 3627 argumentis
971 3553 1043 3610 mihi
1052 3551 1171 3612 videtur
1181 3550 1410 3610 demonstrasse.

233 3643 265 3698 at
284 3640 437 3715 Pamphili
456 3640 494 3698 ab
513 3639 698 3716 Diogeniano
717 3641 748 3698 in
767 3640 860 3700 lexico
880 3641 1082 3716 componendo
1100 3641 1247 3698 rationem
1266 3657 1325 3698 non
1345 3657 1409 3698 esse

233 3729 367 3788 habitam
385 3729 524 3805 equidem
542 3729 662 3788 credere
681 3747 804 3804 nequeo.
842 3747 911 3789 nam
930 3729 982 3805 qui
1001 3728 1149 3804 Pamphili
1167 3728 1279 3787 librum
1297 3729 1329 3786 in
1348 3728 1407 3803 epi-

232 3819 334 3877 tomen
357 3817 537 3894 redegisset,
563 3837 631 3877 eum
654 3818 686 3875 in
709 3819 805 3877 altero
829 3820 859 3877 et
884 3819 974 3877 simili
999 3836 1088 3894 opere
1110 3816 1262 3876 condendo
1286 3833 1409 3894 prorsus

231 3905 318 3965 illum
337 3907 505 3983 neglexisse
516 3903 589 3966 'veri
607 3905 704 3966 simile
723 3906 791 3966 est?
810 3906 889 3984 quod
909 3907 933 3966 si
947 3907 1077 3982 fecisset,
1095 3925 1192 3966 nonne
1208 3925 1295 3966 suum
1313 3905 1406 3981 ipsius

231 3996 366 4055 laborem
388 3995 476 4055 nihili
494 3994 715 4056 existimasset?
752 4015 822 4054 nam
845 3995 982 4072 equidem
1005 3995 1165 4071 Epitomcn
1184 4015 1202 4055 a
1220 3993 1406 4071 Diogenianc

232 4086 315 4160 prius
331 4103 396 4145 esse
410 4085 574 4144 confectam
584 4103 674 4160 quam
688 4082 984 4160 Περιεργοπένητεε
998 4103 1175 4160 persuasum
1188 4085 1295 4145 haheo.
1321 4080 1405 4137 Pam-

232 4175 307 4249 phili
330 4173 457 4248 lexicon,
481 4192 548 4234 cum
571 4177 694 4248 propter
712 4175 865 4250 ingentem
885 4172 1111 4249 amplitudinem
1137 4175 1217 4234 esset
1235 4167 1406 4229 molestissi-

231 4283 321 4338 mum,
341 4263 494 4324 hominum
508 4261 577 4321 usui
591 4263 690 4338 aptius
708 4263 831 4322 reddere
846 4263 962 4322 studuit
975 4263 1128 4334 Vestinus,
1138 4282 1203 4323 cum
1218 4253 1296 4334 quod
1310 4275 1404 4316 nona·

231 4353 316 4430 ginta
340 4353 470 4430 quinque
492 4351 578 4410 libris
607 4351 781 4428 Pamphilus
810 4352 977 4427 perfecerat
999 4353 1083 4412 libris
1106 4352 1158 4411 ille
1184 4348 1308 4424 triginta
1327 4366 1405 4407 com-

231 4441 429 4520 prehenderet
450 4435 579 4522 (Nabar,
607 4440 726 4517 Proleg.
748 4460 776 4517 p.
797 4432 869 4524 20),
892 4460 967 4519 quos
991 4441 1193 4518 Diogenianus
1221 4439 1251 4496 iu
1274 4437 1407 4515 quinque
