3102 5158
153 265 195 322 De
210 266 396 337 Aristophane
408 263 544 336 Byzantio
559 266 588 322 et
602 264 734 322 Suetonio
747 264 911 334 Tranquillo
921 265 1052 321 Bustathi
1066 267 1235 323 auctoribus.
1259 265 1320 331 361

154 435 299 496 ludebant
312 435 382 496 talis
398 427 636 517 (άετραγάλοιε)
651 434 777 494 nucibus
793 426 949 516 (saphore)
969 426 1220 517 1ουίο(κυάμοιε)
1239 456 1325 494 num-

154 525 212 584 mis
232 516 422 605 (νομίεμαεῑ)
442 525 518 584 aliis.
551 525 588 584 de
606 524 735 583 nummis
755 524 791 583 cf.
809 524 861 581 Ar.
881 524 960 584 Plut.
976 527 1039 583 816
1060 543 1126 582 υυιιι
1146 525 1249 601 schcl.;
1269 526 1324 585 hcc

79 661 81 666 .
155 615 215 674 alio
230 615 349 674 nomine
368 613 506 673 dicebant
525 609 683 687 χυλκίζειν
702 604 898 694 (χαλκίνδα)
918 612 993 672 Poll.
1008 613 1066 671 Vll
1084 617 1144 672 105
1165 609 1324 686 χαλκίζειν

155 697 191 762 δὲ
206 701 334 763 παιδιᾶε
347 719 377 762 τι
397 697 490 778 eboc,
510 699 547 763 ἐν
565 699 584 782 ᾐ
599 698 762 778 νομίεμαει
781 697 937 776 ἠρτίαζον.
966 702 1002 762 cf.
1018 702 1146 778 Hesycb.
1162 698 1325 780 χαλκίνδα,

155 793 285 852 Antiati.
303 795 373 865 116,
391 796 441 853 10.
465 794 502 851 de
516 792 642 852 nucibus
657 791 692 852 cf.
709 792 761 852 Ar.
776 791 854 853 Plut.
872 792 1143 852 restrueretur.
1162 823 1199 832 —-
1221 787 1326 866 τρόπα

154 900 174 940 a
192 881 281 942 schol.
301 881 378 941 Plat.
402 882 572 958 appellatur
595 877 614 955 ἡ
639 876 683 940 εἰε
704 875 841 956 βόθυνον
861 875 896 939 ἐκ
914 879 1122 956 διαιτήματα(
1142 878 1230 956 βολή.
1266 901 1325 941 nou

155 972 228 1030 satis
246 970 402 1049 perspicue
422 971 551 1048 Hesych.
569 971 785 1046 interpretatur
803 964 920 1044 τρόπα·
940 963 1024 1029 sitos
1043 968 1179 1044 uerticis,
1194 963 1266 1030 καθ’
1285 969 1325 1045 ἣν

156 1057 324 1135 ετρέφουει
347 1057 424 1118 τοὺε
452 1053 669 1133 ἀετραγάλουι
694 1053 739 1120 eis
766 1055 803 1118 τὸ
832 1054 944 1132 ἕτερον
971 1055 1076 1134 μέρος.
1116 1060 1152 1118 of.
1180 1059 1261 1135 Beoq
1289 1062 1325 1118 de

156 1149 338 1224 Bouquieres
364 1169 393 1224 p.
414 1152 486 1208 114.
530 1150 657 1228 eundem
679 1149 779 1208 lusum
808 1148 947 1207 videntur
970 1167 1092 1208 vocasse
1116 1143 1160 1207 εἰ(
1188 1145 1326 1224 βόθυνον

154 1232 250 1298 ἰέναι;
274 1238 402 1297 Antiatt.
423 1239 516 1317 85,1
545 1233 682 1313 βόθυνον
706 1227 841 1311 ούφαει
864 1237 933 1298 δεῖν
957 1234 1071 1308 λέγειν.
1109 1231 1192 1296 ἀλλά
1215 1232 1325 1297 (όλων

155 1322 218 1403 ἔφη
244 1322 280 1386 ἐν
303 1326 371 1386 τοῖς
395 1321 513 1400 νόμοιε.
552 1324 704 1400 Κρατῖνοε
724 1321 895 1400 (spretore
921 1319 1006 1385 ‘tlt'
1026 1319 1159 1385 dutinus
1178 1323 1214 1386 ἐν
1237 1327 1325 1406 χορῷ

155 1412 189 1474 ἐ(
219 1410 357 1490 βόθυνον
382 1409 478 1476 ἰέναι’
504 1408 607 1495 (Mein.
633 1414 715 1476 Corn.
739 1408 883 1491 11137).
926 1409 989 1473 έετι
1017 1412 1051 1474 δὲ
1081 1410 1191 1474 παιδιά
1218 1431 1264 1475 τιε
1292 1413 1326 1475 tc

157 1499 295 1579 βόθυνον
315 1499 403 1564 ἰέναι.
428 1506 465 1564 of.
479 1505 608 1581 Hesyuh.
624 1501 656 1565 έε
673 1499 824 1580 βόθυνον·
844 1497 930 1563 sitos
944 1502 1080 1564 uererer.
1096 1536 1137 1544 —
1153 1504 1189 1562 de
1203 1499 1327 1578 ὤμιλλα

155 1594 226 1653 lusu
245 1612 311 1652 eum
332 1593 424 1654 schol.
438 1593 515 1652 Plat.
535 1593 597 1653 fere
613 1593 753 1670 congruit
771 1593 880 1669 quippe
894 1593 932 1651 ah
948 1593 1051 1653 ecdem
1065 1592 1180 1652 Boetho
1194 1595 1327 1668 pendens

158 1681 266 1741 Suidas
285 1674 318 1761 (i.
333 1702 356 1740 e.
371 1674 513 1762 Photius)
534 1702 556 1742 s.
571 1703 597 1742 v.
617 1675 752 1756 ὤμιλλα·
772 1677 883 1741 παιδιά
902 1697 957 1755 stc,
975 1678 1012 1741 ἐν
1031 1678 1049 1761 ᾗ
1070 1677 1114 1741 εἰ(
1133 1678 1191 1741 τὸν
1211 1679 1327 1743 κύκλον

156 1767 266 1846 βαλὼν
286 1764 415 1845 κάρυον,
434 1766 513 1831 ὥετε
534 1767 685 1847 ἐμμεῖναι,
708 1770 791 1850 νικᾷ·
811 1765 947 1830 Εὔπολιε
968 1764 1079 1850 >lucetii
1098 1768 1197 1844 γένει·
1218 1766 1327 1832 ‘tussc-

155 1855 266 1934 εἰμεθα
289 1856 325 1920 δὲ
344 1855 453 1935 μεῖνα(
472 1855 517 1920 εἰ(
536 1853 707 1933 ὤμιλλαν’;
737 1879 842 1920 versus
865 1864 1023 1936 corruptus
1043 1879 1059 1919 e
1078 1860 1170 1920 schol.
1189 1860 1267 1920 Plat.
1286 1861 1327 1921 sic

155 1949 361 2008 restituendus
380 1953 438 2009 est:

475 2031 577 2098 ἔπειτ’
601 2032 711 2113 εἴεειμ’
734 2031 849 2098 ἐνθάδε
874 2032 982 2112 μείναε

478 2123 523 2187 εἰ(
546 2122 689 2203 ὤμιλλαν
713 2121 785 2204 (κᾶν
809 2124 849 2201 μὴ
874 2119 984 2207 μετίῃ).

156 2215 192 2276 cf.
208 2215 296 2278 Mein.
311 2214 391 2277 Com.
406 2215 437 2274 ΙΙ
453 2219 528 2278 539.
560 2219 700 2292 corrupta
719 2216 839 2275 exhibet
854 2216 944 2276 etiam
960 2215 1088 2292 Hesych.
1104 2210 1240 2291 ὤμιλλα·
1255 2234 1326 2278 παι-

158 2299 211 2364 διά
238 2320 297 2378 uc,
326 2300 406 2364 ὅταν
434 2302 551 2366 κύκλον
574 2300 832 2381 περιγράψαντεε
862 2299 997 2380 βάλυιειν
1020 2300 1065 2364 εἰε
1093 2301 1192 2365 αὐτὸν
1219 2301 1328 2382 κάρυα,

155 2387 225 2454 εἶτα
244 2389 280 2453 ἐν
299 2394 351 2473 τῷ,
364 2390 470 2474 κύκλῳ
489 2412 556 2470 μ..
578 2440 584 2455 .
604 2390 765 2471 λαμβάνει.
802 2392 821 2469 ἢ
841 2388 992 2454 ἔπαθλον.
1034 2413 1111 2470 quae
1129 2395 1171 2454 sie
1189 2395 1331 2456 videntur

157 2483 354 2542 emendanda:
393 2477 462 2543 siro
489 2479 533 2542 τά
561 2481 597 2545 έν
624 2485 670 2564 τῷ
699 2480 802 2562 κύκλῳ
835 2480 975 2557 μένοντα
1003 2478 1146 2562 λαμβάνῃ
1176 2478 1328 2546 ἔπαθλον.

157 2572 265 2631 Pollux
283 2572 372 2631 huius
390 2573 476 2632 lusus
495 2573 686 2649 descriptioni
703 2576 826 2649 propter
846 2571 1072 2631 similitudinem
1090 2574 1175 2632 lusus
1194 2567 1328 2647 ὀρτυγο·

157 2661 272 2721 κοπεῑν
286 2661 322 2720 de
341 2680 395 2721 suo
413 2663 559 2737 quaedam
577 2662 772 2738 interpolavit
786 2653 900 2741 (καίτοι
919 2678 956 2735 με
972 2656 1010 2721 οὐ
1030 2658 1164 2734 λέληθεν
1183 2693 1218 2702 -
1237 2657 1328 2737 ὄρτυ-

157 2765 216 2822 γο(
235 2744 413 2832 δεεπότηε).
450 2751 656 2811 testimonium
675 2751 763 2810 affert
780 2769 839 2809 non
861 2751 939 2810 idem
959 2750 1039 2827 quod
1062 2751 1153 2812 schol.
1176 2750 1253 2812 Plat.
1278 2753 1329 2812 sed

160 2858 197 2897 ex
220 2839 376 2914 Eupolidis
396 2838 547 2900 Triarchis
567 2841 670 2899 fabula
689 2834 791 2919 (Mein.
811 2838 892 2901 Com.
910 2839 941 2898 II
961 2832 1048 2920 525).

247 2926 442 2988 Concordiam
464 2934 601 2989 veterum
624 2930 660 2988 de
684 2929 730 2989 his
754 2928 870 2988 lusibus
898 2929 1136 2988 testimoniorum
1160 2931 1249 2990 aliter
1270 2949 1329 2990 non

160 3035 249 3092 posse
268 3017 408 3094 explicari
428 3019 486 3077 nisi
505 3022 540 3078 ut
553 3038 738 3078 communem
757 3019 870 3078 fontem
885 3019 1017 3078 omnium
1036 3021 1213 3097 statuamus,
1232 3039 1267 3078 ex
1287 3021 1329 3080 eis

158 3125 235 3184 quae
255 3126 346 3183 supra
360 3107 539 3168 contulimus
555 3109 628 3168 satis
643 3127 788 3185 apparere
803 3107 941 3171 arbitror.
974 3107 1135 3168 Suetonius
1150 3113 1180 3186 et
1194 3109 1329 3169 Boethus

157 3196 233 3256 satis
252 3214 362 3272 magna
381 3214 448 3256 cum
466 3195 611 3275 religione
630 3216 664 3256 ac
682 3196 828 3256 fidelitate
847 3197 961 3256 fontem
976 3202 1188 3273 expresserunt
1205 3199 1329 3275 eiusque

157 3285 258 3360 copias
281 3285 346 3344 fere
374 3285 506 3363 integras
530 3287 762 3362 descripserunt.
803 3285 923 3359 Pollux,
951 3290 986 3345 ut
1008 3286 1060 3362 qui
1082 3286 1175 3346 libros
1200 3306 1274 3364 quos
1298 3291 1328 3347 in

157 3393 245 3432 usum
264 3373 381 3434 vocavit
400 3394 466 3434 cum
485 3375 677 3452 neglegentia
696 3374 824 3450 quadam
844 3376 1034 3451 tractaverit,
1054 3375 1108 3434 hoo
1126 3395 1244 3452 quoque
1264 3379 1328 3436 loco

155 3464 363 3540 neglegentiae
383 3465 542 3541 opprobrio
561 3465 641 3524 haud
660 3463 816 3540 indignum
836 3482 867 3522 se
886 3463 1037 3540 praebuit:
1057 3483 1239 3541 quamquam
1257 3468 1330 3527 haec

157 3550 340 3613 Onomastici
358 3573 430 3630 pars
449 3555 480 3612 in
503 3553 729 3630 pretiosissimis
752 3553 890 3613 habenda
909 3556 963 3613 est.
1002 3555 1126 3613 eandem
1150 3555 1329 3630 scriptorum

156 3640 383 3703 similitudinem
400 3643 433 3702 in
450 3643 557 3704 ceteris
576 3642 693 3703 lusibus
712 3642 916 3702 descrihendis
935 3647 1053 3703 exstare
1071 3644 1248 3705 videbimus.

247 3905 308 3968 διά
331 3905 496 3987 ccciccc
519 3905 661 3972 παιδιά.
706 3912 741 3972 Ιιι
763 3913 843 3988 μύλου
869 3913 939 3972 lusu
967 3913 1144 3974 decribendo
1169 3913 1329 3975 Suetonius

158 3989 219 4077 (ap.
230 3997 316 4059 Bust.
331 4019 360 4075 p.
373 4002 467 4078 1601,
483 3993 539 4084 30)
549 3994 600 4083 166)
616 4005 646 4061 et
660 4002 794 4062 Boethus
815 3997 876 4082 (ap.
891 4003 982 4064 schol.
996 4002 1074 4063 Plat.
1090 4003 1213 4064 Theaet.
1227 3997 1329 4085 raca)

159 4119 372 4130 m—

231 4168 277 4239 ¹88)
300 4167 364 4225 Non
388 4171 468 4226 nulla
494 4172 571 4230 Bust.
601 4171 786 4228 Suetoniauae
815 4173 1001 4242 disputationi
1024 4173 1059 4227 dc
1087 4190 1137 4228 suc
1165 4174 1329 4230 immiscuit:

156 4258 184 4312 p.
204 4247 283 4310 1601,
302 4248 335 4297 37
355 4243 391 4310 ἣν
409 4246 454 4297 καί
474 4245 687 4310 ἐτυμολογούειν
707 4277 739 4284 -
759 4247 813 4300 ἔετι
831 4249 945 4310 γνῶναι.
974 4264 1001 4316 p.
1023 4251 1101 4313 1601,
1121 4252 1155 4300 tc
1175 4245 1261 4300 verba
1278 4252 1330 4300 τού

157 4315 187 4367 δὲ
210 4314 289 4368 ἀξίαν
313 4315 398 4380 λόγου
421 4316 467 4368 καί
489 4318 543 4383 τὴν
566 4318 753 4384 εφαιριετικήν
777 4318 859 4384 εῖναι,
882 4316 969 4370 ulcu<
992 4320 1035 4370 καὶ
1057 4317 1196 4384 Ἀθηναῖοι
1213 4317 1331 4386 πολίτην

156 4386 334 4452 ποιηεάμενοι
354 4387 534 4453 Ἀλέξανδρον
556 4389 607 4441 τὸν
632 4389 781 4454 Καρύετιον
804 4391 964 4456 εφαιριετὴν
988 4391 1032 4442 καλ
1051 4389 1217 4455 ἀνδριάντα(
1235 4389 1331 4459 ἐκείνῳ

157 4456 359 4524 άναετήεαντεε
376 4457 558 4528 neglegenter
571 4459 650 4512 Eust.
670 4476 704 4516 ex
718 4460 864 4515 Athenaeo
884 4459 1055 4530 compilavit,
1074 4459 1123 4527 qui
1142 4460 1212 4514 haec
1231 4461 1331 4516 scribit

211 4555 290 4599 Jahrb.
300 4557 315 4600 l.
325 4558 391 4600 class.
401 4556 460 4599 Phil.
470 4557 547 4608 Suppl.
561 4559 602 4601 Bd.
612 4559 666 4600 XII.
1085 4553 1119 4606 24
