3102 5158
229 239 294 309 326
501 262 502 265 ’
693 243 819 318 Leopold
836 243 929 320 Oohn:
1028 267 1031 272 ·

228 436 287 476 non
310 417 349 476 ad
368 413 453 478 λέξιν
471 410 698 492 Ἱπποκράτους
720 418 870 493 quandam
893 416 1045 494 pertinent
1068 417 1121 478 sed
1145 418 1183 478 ad
1206 420 1266 480 alia
1290 419 1405 498 scripta

230 505 430 566 chalcenteri:
459 500 599 581 ἄργεμον
627 508 664 566 ed
691 504 775 568 λέξιν
803 503 953 581 τραγικήν
976 500 1126 586 (Schmidt
1148 529 1176 585 p.
1201 501 1273 591 88),
1301 516 1403 571 cetera

229 588 419 674 (προκῶνια,
450 592 581 670 καρύκη,
606 590 715 671 ὄρρος,
732 589 885 677 κυρήβια)
913 597 951 654 ad
979 593 1064 657 λέξιν
1092 596 1229 674 κωμικήν
1249 594 1400 676 (Schmidt

228 705 255 760 p.
276 688 326 745 40.
348 687 397 745 28.
420 689 469 745 77.
491 679 580 765 284).
612 685 691 761 quod
710 705 780 745 vero
799 685 957 762 permultis
975 685 1048 744 locis
1067 706 1134 746 cum
1152 687 1303 764 Hesychi0
1323 688 1399 749 Ero·

227 767 327 834 tiauus
346 775 492 852 congruit,
515 776 571 835 hoc
589 793 648 834 non
666 775 812 851 probatur
830 794 897 834 eum
917 774 1080 851 aDidymo
1099 776 1237 851 pendere,
1261 778 1315 837 sed
1332 779 1400 837 iure

227 863 327 938 potius
352 864 420 923 hine
443 864 521 924 effici
544 867 645 940 potest
667 863 845 923 Erotianum
861 863 991 939 perinde
1015 883 1049 924 ao
1072 864 1291 941 Diogenianum
1315 866 1403 926 Pam-

229 952 304 1027 phili
318 952 491 1013 exhausisse
510 953 619 1030 copias.
651 971 720 1012 narn
740 953 771 1011 in
790 953 878 1012 huius
894 971 983 1028 opere
1003 949 1075 1027 περὶ
1089 952 1242 1025 γλωςςῶν
1261 952 1312 1014 καὶ
1326 950 1401 1016 ὀνο-

227 1035 336 1116 μάτων
364 1042 548 1119 amplissimo
578 1039 677 1103 λέξεις
704 1036 931 1115 Ἱπποκράτους
958 1061 1076 1118 quoque
1108 1043 1278 1103 illustratas
1308 1045 1402 1104 fuisse

227 1149 281 1206 pro
300 1135 381 1191 certo
401 1134 502 1207 potest
527 1132 672 1190 affirmari
695 1123 746 1213 (of.
767 1130 901 1190 Schmidt
920 1129 1039 1200 Quaest.
1060 1131 1188 1208 Hesyoh.
1205 1153 1234 1209 p.
1255 1127 1401 1215 onxvl).

226 1221 328 1297 itaque
352 1224 383 1280 et
405 1239 456 1280 eas
480 1221 615 1280 Erotiani
638 1222 769 1297 glossas,
797 1238 874 1296 quae
901 1220 940 1279 ad
963 1219 1195 1295 Aristophanem
1219 1222 1401 1300 Byzantium

227 1309 386 1384 pertinent,
407 1329 422 1368 e
441 1310 592 1386 Pamphili
610 1310 710 1387 potius
729 1328 820 1386 quam
839 1328 855 1368 e
873 1308 996 1385 Didymi
1015 1309 1106 1385 copiis
1125 1310 1245 1370 fluxisse
1269 1312 1400 1372 eredide-

227 1399 292 1458 rim.
327 1419 417 1474 quam
437 1400 474 1468 ad
496 1399 675 1458 sententiam
698 1399 881 1474 probandam
899 1399 1085 1474 praeclarum
1104 1401 1272 1476 exemplum
1292 1401 1400 1461 afferre

227 1488 298 1547 lieet
316 1489 449 1564 glossam
469 1484 641 1562 προκῶνια.
680 1487 892 1563 Aristophanis
910 1487 1099 1564 grammatici
1118 1487 1238 1565 Didymi
1257 1490 1400 1550 Damonis

229 1577 489 1653 interpretationes
513 1577 638 1637 tradidit
661 1577 754 1653 Harp.
778 1571 955 1652 προκώνια·
983 1571 1165 1650 Λυκοῦργος
1190 1574 1225 1638 ἐν
1250 1579 1295 1658 τῷ
1319 1575 1399 1638 κατὰ

228 1661 459 1741 Μενεςαίχμου.
483 1661 625 1740 Δίδυμος
640 1663 675 1725 δὲ
690 1659 863 1740 προκῶνιά,
878 1681 961 1740 φηςι,
976 1662 1071 1740 πυροὶ
1083 1662 1183 1740 μέλιτι
1193 1665 1399 1742 κεχριςμένοι.

228 1749 455 1831 Ἀριςτοφάνης
474 1753 510 1815 δὲ
525 1749 544 1814 ὁ
558 1751 771 1831 γραμματικὸς
786 1751 837 1814 καὶ
853 1748 973 1829 Κράτης
987 1750 1027 1814 τὰ
1041 1751 1073 1816 ἐξ
1089 1749 1262 1829 ἀφρύκτων
1281 1756 1399 1830 κριθῶν

227 1839 314 1904 οὕτω
329 1841 425 1920 φαςὶν
440 1839 656 1919 ὀνομάῑεςθαι.
680 1839 764 1904 ἔοικε
779 1841 814 1904 δὲ
830 1840 881 1903 καὶ
896 1840 931 1904 ἐκ
945 1842 1056 1918 πυρῶν
1071 1840 1121 1903 καὶ
1136 1841 1170 1904 ἐκ
1184 1844 1300 1918 κριθῶν
1314 1841 1398 1918 γίνε-

228 1936 304 1994 ςθαι.
329 1930 451 2009 Δήμων
467 1927 500 1993 t'
513 1930 549 1994 ἐν
563 1934 609 2013 τῷ
625 1929 696 2007 περὶ
710 1932 826 1994 θυςιῶν
841 1927 949 2008 φηςίν·
964 1929 1013 1992 καὶ
1028 1927 1192 2006 προκῶνιὰ
1206 1930 1269 1994 ἐςτι
1280 1929 1399 2010 κάχρυς

228 2020 451 2098 κατηριγμέναι
470 2019 549 2097 μετὰ
563 2016 751 2098 ἀρωμάτων.
782 2021 992 2098 Aristophanis
1010 2022 1290 2098 interpretationem
1304 2025 1397 2084 solam

228 2112 369 2172 exhibent
383 2113 544 2172 Erotianus
560 2107 602 2192 (p.
618 2115 669 2188 57,
685 2115 703 2171 3
725 2105 844 2187 ἄλφιτα
859 2106 1038 2186 προκῶνια·
1056 2106 1096 2170 τὰ
1109 2106 1269 2186 γενόμενα
1282 2109 1318 2172 ἐκ
1331 2112 1398 2174 τῶν

227 2195 400 2275 ἀφρύκτων
419 2200 534 2275 κριθῶν
553 2197 657 2261 οὕτως
671 2195 802 2261 Ἀττικοὶ
822 2193 965 2282 καλοῡςι)
983 2199 1091 2259 Pollux
1105 2200 1148 2258 VI
1161 2204 1200 2261 77
1222 2201 1397 2279 Hesychius.

228 2309 285 2365 quo
305 2308 449 2349 consensu
463 2291 687 2350 demonstratur
701 2291 808 2350 horum
823 2308 1008 2350 communem
1029 2291 1190 2368 auctorem,
1208 2310 1296 2367 quem
1311 2291 1398 2350 Pam-

227 2379 343 2453 philum
362 2398 428 2439 esse
446 2379 556 2453 iudico,
580 2379 704 2457 Didymi
726 2381 842 2439 ratione
863 2379 1002 2454 neglecta
1020 2378 1231 2454 Aristophanis
1254 2381 1398 2456 probasse

228 2469 416 2530 sententiam.
448 2469 645 2545 Harpocratio
665 2487 735 2528 vero
754 2472 785 2528 et
804 2469 854 2545 qui
878 2467 988 2528 similia
1006 2469 1130 2528 tradunt
1148 2468 1234 2527 Phot.
1249 2470 1305 2528 lex.
1320 2470 1398 2532 rhet.

227 2557 320 2618 llekk.
338 2561 411 2636 294,
428 2561 467 2618 25
496 2559 545 2618 Et.
565 2559 625 2635 Mg.
642 2561 714 2632 700,
731 2561 749 2618 8
770 2552 846 2636 (sive
865 2558 972 2618 horum
991 2550 1108 2638 auctor)
1126 2576 1187 2617 non
1205 2557 1397 2634 Pamphilum

229 2647 281 2705 sed
303 2647 463 2725 Didymum
486 2650 683 2725 usurparunt,
708 2647 759 2724 qui
778 2665 848 2706 suae
873 2647 953 2708 vocis
971 2645 1213 2722 interpretationi
1237 2667 1319 2706 more
1343 2667 1398 2710 suo

228 2736 356 2794 aliorum
370 2737 534 2796 sententias
545 2735 730 2797 adiunxerat.
753 2736 944 2812 Pamphilum
957 2736 1056 2810 ipsum
1067 2734 1277 2811 Aristophanis
1286 2737 1396 2796 librum

227 2825 345 2901 adiisse,
364 2844 422 2885 non
442 2844 458 2884 e
477 2825 599 2902 Didymi
619 2825 737 2902 scriptis
761 2825 824 2885 eius
843 2825 1064 2885 observatIones
1084 2819 1318 2906 cognovisse⁸⁸)‚
1342 2828 1398 2887 hoc

227 2932 343 2989 quoque
356 2915 456 2974 nescio
471 2934 509 2974 an
524 2933 539 2974 e
553 2914 675 2974 laudato
690 2915 824 2990 exemplo
838 2914 978 2991 colligere
992 2913 1090 2974 liceat.
1122 2914 1202 2974 idem
1216 2918 1342 2991 apparet
1361 2935 1397 2974 ex

226 3003 375 3062 Athenaei
399 3003 471 3063 locis
490 3004 651 3065 IX‘375a.
673 3003 748 3062 VIII
768 3005 867 3079 3620,
893 3005 943 3080 qui
968 3003 1005 3063 ad
1029 3003 1152 3063 verbum
1176 3004 1239 3064 fere
1261 3023 1330 3064 eum
1349 3024 1397 3064 ex-

225 3092 335 3167 cerptis
355 3093 530 3170 Byzantinis
551 3092 965 3170 concInunt,cumDidyu1us
985 3110 1115 3169 eaquae
1135 3111 1170 3151 ex
1186 3094 1396 3170 Aristophanis

225 3181 302 3242 libro
325 3181 473 3258 excerpsit
496 3183 614 3242 mutare
638 3183 757 3243 soleret.
798 3185 890 3260 atque
912 3182 1042 3258 Hesych.
1069 3177 1257 3256 ὀρείχαλκος
1281 3184 1308 3243 si
1329 3203 1397 3243 eum

226 3269 319 3330 schol.
338 3268 436 3347 Apoll.
456 3271 551 3332 Rhod.
572 3272 617 3330 IV
637 3273 700 3332 973
723 3263 764 3346 (v.
784 3291 848 3347 sup.
866 3292 895 3348 p.
916 3266 995 3353 298)
1007 3271 1188 3354 ,οοιιθιιΙοιὶπ
1212 3271 1396 3350 Hesychium

224 3358 243 3415 i.
263 3378 287 3420 e.
307 3358 498 3436 Pamphilum
521 3360 637 3421 videbis
661 3362 725 3420 sola
743 3360 955 3436 Aristophanis
978 3361 1072 3421 verba
1096 3361 1250 3434 exhibere,
1274 3362 1397 3439 Didymi

224 3446 462 3508 additamentum
480 3449 632 3529 omittere,
657 3449 688 3508 id
712 3449 865 3525 quodvis
888 3449 953 3510 fieri
975 3449 1086 3527 potuit,
1111 3450 1137 3509 si
1159 3469 1213 3526 per
1232 3451 1396 3527 Didymum

225 3539 342 3594 tantum
361 3537 593 3613 Aristophanem
616 3539 759 3600 novisset.

531 3736 585 3806 nn
613 3736 801 3808 SUD'IDNID
828 3735 1086 3817 TRANQUILLO.

312 3874 348 3936 In
370 3877 512 3938 Eustathi
539 3880 759 3940 commentariIs
782 3879 948 3942 Homericis
978 3879 1051 3938 duos
1076 3878 1200 3940 Suetoni
1227 3880 1396 3958 Tranquilli

224 3965 315 4025 libros
334 3985 423 4042 saepe
446 3967 478 4026 in
496 3986 584 4026 usum
602 3968 701 4029 vocari
720 3970 756 4029 A.
772 3966 997 4044 Reifferscheid,
1021 3987 1088 4028 oum
1107 3967 1229 4029 Suetoni
1252 3971 1393 4048 reliquias

223 4056 392 4131 colligeret,
411 4060 604 4131 perspexerat
622 4077 656 4118 ao
674 4059 855 4135 probaverat
875 4053 925 4140 (ef.
945 4058 1025 4118 Suet.
1046 4057 1141 4134 Reliq.
1160 4078 1188 4134 p.
1208 4061 1282 4119 454.
1301 4051 1394 4138 462);

295 4227 328 4291 ⁸⁸)
346 4225 430 4280 Falsa
448 4242 509 4280 esse
528 4226 621 4282 iudIco
640 4227 725 4282 etiam
740 4227 846 4283 Nahari
864 4229 949 4284 verba
966 4227 1037 4282 haee
1057 4227 1150 4300 (Phot.
1167 4227 1275 4296 Proleg.
1290 4244 1317 4296 p.
1333 4227 1391 4295 22):

224 4298 285 4353 ‘...
305 4314 340 4351 nc
359 4297 537 4366 Pamphilum
556 4297 669 4367 quidem
689 4299 782 4368 ipsum
801 4299 955 4370 Inspexiase
975 4316 1071 4355 omnes
1085 4317 1160 4368 ,quos
1178 4298 1307 4372 laudaret
1325 4299 1391 4352 scri-

221 4373 324 4437 ptores.
353 4385 419 4424 narn
438 4385 510 4438 quae
529 4373 678 4440 supersunt
691 4371 846 4427 Laconicae
865 4371 976 4441 glossae
991 4369 1186 4440 Aristophanis
1201 4369 1265 4437 Byz.
1344 4387 1392 4426 aas

222 4439 351 4499 rxistiruo
369 4458 424 4495 ¹lon
444 4440 536 4512 ipsum
556 4440 659 4496 vidisse
674 4442 851 4512 Pamphilum
870 4443 918 4499 aed
933 4445 1063 4514 acceptas
1077 4441 1177 4497 debere
1191 4441 1392 4499 Artemidoro'.

1535 4243 1540 4457 l

1536 4464 1540 4650 l

1533 4739 1540 4983 l

1536 4991 1540 5117 ι
