3102 5158
155 287 196 342 De
211 285 397 356 Aristophane
412 285 548 357 Byzantio
563 287 592 343 et
605 283 739 342 Suetonio
753 285 919 356 Tranquillo
928 285 1057 340 llnstcthi
1072 284 1241 341 auctoribus.
1260 285 1326 350 293

369 459 396 518 ’1.
414 455 605 532 καταφαγᾶε
623 447 695 539 (frg.
709 456 776 517 Par.
795 455 816 529 ξ
835 448 884 536 4);
904 453 1032 518 Auliatt.
1053 455 1131 529 105,
1151 458 1193 517 20

369 548 397 607 8.
421 542 598 610 κοκκύζειν;
622 545 889 618 1011011.101,4

367 638 395 695 0.
419 630 560 711 κόλλοψι
582 635 711 696 meast.
733 637 811 715 102,
831 637 874 695 ee

349 727 400 786 10.
424 721 648 802 μεγαλοψυχία
669 717 743 806 (11);
767 724 898 784 Antiati.
920 725 995 796 108,
1017 726 1057 784 26

348 816 398 874 11.
422 808 564 890 pdppoc:
587 815 872 888 Antiatt.107,19

346 905 397 963 12.
420 899 553 978 (τίμμιτε
575 903 704 964 Antiett
726 905 804 976 114,
825 906 842 964 7

346 994 396 1051 13.
420 987 559 1066 pellet:
582 993 714 1053 1011011.
734 994 810 1068 116,
833 993 883 1052 18.

241 1081 410 1141 Admodum
436 1081 608 1157 conspirant
639 1083 718 1142 inter
750 1101 783 1140 se
810 1079 1029 1154 Aristophanes
1060 1081 1091 1138 et
1119 1079 1326 1142 Anliattieieta

153 1189 176 1230 0.
192 1190 219 1231 1.
238 1165 394 1242 ἐλέγοεαν
413 1162 555 1247 (uterque
573 1170 679 1230 laudat
692 1158 991 1248 Lycophronem)¹⁹),
1010 1164 1171 1230 κοκκύζειν
1186 1162 1326 1250 (uterque

152 1259 308 1334 Diphilum
322 1252 448 1338 laudat),
458 1253 585 1334 κόλλοψ
595 1252 737 1339 (uterque
745 1259 898 1317 Eubulum
907 1258 1026 1318 laudat:
1045 1258 1081 1317 cf.
1096 1258 1233 1318 Mainake
1244 1257 1325 1319 Com.
1348 1275 1357 1296 ·

150 1347 198 1406 III
208 1339 298 1429 209),
308 1343 436 1423 μόμφοε
445 1341 585 1428 (uterque
595 1349 700 1408 laudat
707 1339 905 1428 Euripidem).
919 1345 999 1406 unde
1006 1346 1150 1424 sequitur,
1157 1347 1325 1408 abinvicem

151 1456 218 1498 sese
232 1437 405 1515 suppleant:
424 1456 494 1498 uam
508 1457 547 1496 ne
560 1436 799 1498 Antietticistam
815 1436 937 1512 quidem
953 1435 1106 1512 integrum
1124 1437 1231 1496 tulisse
1245 1437 1325 1496 aeta·

152 1530 214 1586 tem
235 1527 332 1602 primo
357 1527 511 1586 oculorum
533 1526 641 1587 obtutu
664 1526 860 1601 intellegitur.
897 1524 988 1584 simul
1009 1525 1189 1586 memoravit
1209 1526 1326 1585 Aristo-

151 1616 264 1692 phanes
278 1615 449 1691 imperativi
462 1615 574 1675 formas
587 1615 716 1676 rariores
731 1609 855 1674 dudeco
869 1608 999 1688 κατάβα,
1014 1607 1165 1674 drideret
1151 1617 1213 1676 1001
1200 1615 1324 1675 timonio

152 1708 236 1764 earet
248 1704 329 1781 apud
342 1704 550 1764 Eustathium:
568 1704 653 1765 addit
666 1705 715 1763 An
715 1704 796 1764 11011
810 1697 914 1778 ἀνᾶβα
929 1697 1024 1778 olnae
1038 1706 1070 1762 01
1082 1703 1189 1764 laudat
1203 1704 1323 1764 Menan

150 1795 294 1853 (11010.-
258 1812 361 1853 -..01
371 1791 885 1869 dsuhdvtragicicuiusdampoetae
892 1790 1326 1852 1001100010100110111110010-

148 1883 231 1941 thius
241 1875 284 1961 (τ.
288 1882 395 1941 Nauck
405 1882 462 1958 ing.
472 1886 550 1958 trag.
561 1881 661 1958 adeep.
668 1874 761 1963 136):
772 1881 1281 1958 Antiatticistalaudcthluripidem
1288 1887 1324 1940 01

148 1970 399 2032 0001101010.-
361 1966 644 2046 -μεγαλοψυχία
657 1972 776 2048 glossae
790 1969 888 2029 nihil
879 1989 911 2028 m
925 1970 956 2028 11
970 1973 1107 2046 superest
1120 1970 1179 2030 nisi
1199 1971 1322 2030 lemma·

18 2067 21 2084 ¹
147 2062 209 2119 iam
224 2059 410 2120 conferamus
424 2059 553 2122 Antiati.
570 2062 642 2135 108,
657 2063 698 2126 26
714 2053 958 2134 μεγαλοψυχίαν
972 2053 1012 2118 οὔ
1027 2073 1105 2132 (potr
1119 2057 1189 2120 δεῖν
1203 2055 1320 2133 λέγειν,

147 2143 232 2211 ἀλλὰ
251 2144 548 2224 μεγαλοφροτύνην.
584 2149 636 2224 qui
654 2148 880 2208 Antiattioistae
899 2145 1016 2207 dicendi
1033 2148 1181 2208 rationem
1200 2152 1321 2221 norunt,

130 2253 209 2298 ‘non
235 2239 386 2314 integram
412 2256 479 2298 esee
505 2239 637 2314 glossam
659 2238 847 2314 intellegent.
892 2236 957 2298 siue
986 2236 1077 2297 dubio
1104 2238 1156 2298 ille
1183 2241 1321 2312 10101010

149 2327 329 2388 testimoniis
348 2327 449 2386 allatis
468 2327 640 2388 ostenderat
659 2320 882 2401 μεγαλοψυχία
904 2325 1083 2386 vocabulum
1106 2345 1161 2403 pro
1185 2324 1322 2400 μεγαλο-

150 2412 295 2492 φροτύνη
319 2434 385 2476 0000
408 2419 596 2492 usurpatum.
638 2419 728 2492 atque
751 2416 831 2475 idem
854 2414 1073 2489 Aristophanes
1097 2418 1214 2491 egerat:
1238 2433 1323 2491 prae·

150 2506 260 2566 cedunt
282 2505 362 2566 enim
384 2504 416 2564 in
440 2505 470 2563 M
494 2505 580 2564 haee:
613 2501 651 2565 τὸ
674 2503 915 2579 μεγαλοψυχεῑν
942 2497 1088 2564 serrone
1112 2499 1164 2564 καὶ
1186 2499 1240 2563 ἐπὶ
1264 2504 1323 2564 τοῦ

149 2589 455 2669 ὑπερηφανεύεεθαι.
488 2595 596 2654 tertius
611 2595 736 2657 eandem
750 2593 990 2655 observationem
1003 2592 1131 2652 tradidit
1144 2593 1321 2670 Hesychius

148 2684 234 2744 euius
252 2683 355 2760 glossa
372 2682 468 2743 adhuc
486 2685 626 2760 corrupta
650 2683 730 2742 facili
752 2683 922 2742 coniectura
939 2680 1128 2758 restituenda
1145 2683 1202 2745 est.
1242 2682 1321 2742 inter

149 2768 448 2847 μεγαλοφυέετεροε
475 2775 507 2831 01
538 2767 771 2848 μεγαλώνυμον
802 2789 889 2832 voces
921 2770 1042 2830 exbibet
1068 2770 1197 2846 Hesych.
1229 2772 1321 2832 hanc:

149 2856 361 2935 μεγαλαυχία·
379 2856 586 2935 μεγαλαυχία
624 2856 890 2936 ὑψηλοφροεύνη,
913 2878 1005 2936 quam
1027 2859 1143 2920 frustra
1161 2861 1322 2937 temptavit
1386 2899 1402 2926 .

149 2949 294 3010 Schmidt.
336 2950 626 3024 011110101000110
654 2950 843 3010 scribendum
869 2951 917 3008 est
940 2944 1171 3024 μεγαλοψυχία.
1213 2953 1322 3009 testem

149 3040 241 3099 huius
268 3039 406 3100 vocabuli
433 3033 658 3114 μεγαλοψυχία
685 3057 759 3100 0000
786 3057 883 3114 neque
914 3037 1044 3116 Hesych.
1072 3057 1168 3116 neque
1192 3037 1321 3098 Antiati.

149 3129 264 3192 attulit.
305 3129 341 3188 cf.
367 3129 444 3191 Plat
467 3128 563 3188 Alcib.
587 3129 617 3186 H
641 3130 736 3190 1400.
760 3159 799 3169 -
829 3129 867 3187 de
890 3120 1012 3200 ψελλότ
1040 3128 1142 3203 glossa
1164 3145 1224 3188 non
1248 3127 1322 3187 setis
1427 3193 1429 3197 ⁸

148 3218 307 3294 perspicue
329 3218 465 3294 disputat
486 3217 573 3280 Euat
592 3237 621 3293 p.
642 3219 736 3292 1535,
756 3220 811 3276 21:
835 3211 864 3276 εἰ
887 3213 923 3275 δὲ
942 3215 1000 3276 τοῦ
1019 3209 1136 3292 ἄρκτου
1156 3210 1321 3290 ὑπεξαιρε-

148 3302 262 3367 θέντο(
280 3306 338 3367 τοῦ
361 3323 392 3383 τ,
415 3301 460 3366 dic
483 3300 617 3381 εἴρηται,
641 3301 680 3365 οὐ
704 3303 819 3380 γέγονε
840 3300 987 3380 τημαείαε
1011 3300 1173 3379 ἐναλλαγὴ
1197 3300 1236 3365 οὐ
1260 3302 1321 3379 μὴν

148 3389 226 3456 οὐδὲ
247 3389 301 3473 [οὐ
315 3393 373 3470 μὲν
387 3391 427 3457 οὐ
442 3392 477 3456 δὲ
491 3390 597 3472 uulgo]
617 3389 815 3470 γελοιαεμόε,
834 3387 911 3454 ἀλλ’
930 3388 1097 3468 occurso(
1115 3389 1154 3452 τὸ
1169 3411 1187 3452 κ
1200 3389 1321 3455 ἐξελὼν
1418 3388 1422 3394 ’

148 3481 278 3556 γέλωτα
296 3479 438 3560 ἐκίνηεεν
457 3480 557 3546 εἰπὼν
577 3480 676 3546 οὕτω·

658 3567 798 3648 ψελλόν
817 3568 881 3632 eccs
898 3567 950 3634 καὶ
968 3569 1059 3633 καλεῖ

349 3657 408 3739 τὴν
427 3657 544 3739 ἄρκτον
563 3655 675 3738 ἄρτον,
694 3660 753 3737 τὴν
772 3659 808 3722 δὲ
827 3657 920 3736 Τυρὼ
939 3656 1120 3737 τροφαλίδα

350 3749 388 3813 τὸ
412 3745 441 3812 δ’
459 3745 535 3812 ἄετυ
558 3744 647 3814 (ὓκα’
667 3746 733 3834 (Ar.
751 3753 809 3828 frg.
829 3753 893 3812 536
913 3744 1064 3829 Dindorf).

142 3839 252 3902 ταῦτα
279 3839 315 3902 δὲ
338 3837 367 3900 τί
387 3839 493 3916 δηλοῖ,
517 3835 667 3916 περιττόν
690 3837 754 3902 ἐετι
781 3835 911 3915 opocen.
955 3833 1045 3920 ἀρκεῖ
1069 3837 1105 3899 δὲ
1130 3834 1231 3916 μόνον
1254 3837 1321 3902 ἐπι-

148 3927 351 4005 εημήναεθαι.
396 3925 441 3990 hc
465 3926 504 3990 οὐ
528 3926 634 4004 ψελλὰ
656 3925 697 3990 τὰ
724 3925 873 4004 εἰρημένα
901 3924 1028 4004 κυρίως,
1060 3925 1086 3989 εἰ
1116 3927 1156 4005 μή
1182 3945 1228 3989 τι(
1256 3930 1321 3992 πᾶν

147 4014 279 4079 παιδίον
297 4016 338 4096 μὴ
358 4019 468 4095 cuod<
488 4015 719 4093 διαλεγόμενον
737 4014 938 4094 ψελλίζετθαι
957 4015 1056 4092 λέγει,
1087 4012 1203 4080 ὁποῖόν
1223 4035 1251 4078 τι
1271 4018 1321 4080 καὶ

147 4103 304 4182 Αίαχύλο(
333 4105 481 4184 φαίνεται
514 4108 634 4183 δηλοῦν
666 4105 702 4168 ἐν
730 4108 775 4188 τῷ
804 4101 945 4182 (ψελλόν
972 4124 1008 4168 τε
1036 4104 1086 4168 καὶ
1113 4104 1320 4183 δυτεύρετον’

149 4189 264 4278 (Prom.
284 4191 373 4277 816).
405 4195 457 4260 καὶ
474 4198 624 4261 τοιοῦτον
647 4193 705 4272 μὲν
723 4194 775 4258 καὶ
793 4197 899 4260 τοῦτο.
933 4191 1055 4269 ψελλότ
1073 4198 1206 4272 glossam
1229 4199 1320 4257 exsti-

224 4403 257 4473 Ηί)
272 4405 328 4460 Sed
339 4403 539 4475 Aristophanes
552 4405 687 4461 barbaras
696 4404 834 4460 eiusmodi
848 4405 952 4462 formas
966 4402 1196 4460 Chalcidensibus
1209 4401 1321 4471 tribuit,

148 4474 344 4532 Antiatticista
363 4475 566 4532 Alexandrinis
