3102 5158
141 271 183 328 De
197 269 386 342 Aristophane
399 265 536 339 Byzantio
551 269 580 324 et
594 267 728 328 Suetonio
741 266 904 338 Tranquillo
914 266 1046 324 Eustathi
1059 265 1228 324 auctoribus.
1248 265 1312 332 359
1396 353 1399 360 Ι

15 501 18 508 ⁴
142 444 309 502 eoenrrunt.
351 439 480 516 Hcsyeh.
504 433 602 499 πε((ὰ
625 435 849 514 πεντέγραμμα
872 433 923 498 καὶ
947 433 1053 514 κύβων
1074 431 1183 513 βολά(·
1208 433 1312 514 (opo-

140 530 216 605 κλῆ(
241 525 395 607 Ναυπλίῳ
417 525 573 603 Πυρκαεῑ·
596 523 740 603 παρόεον
763 524 861 589 πέντε
884 528 1041 602 γραμμαί(
1065 522 1206 588 ἔπαιζον.
1244 528 1311 587 δια·

140 617 233 694 φέρει
252 616 288 678 δὲ
304 610 433 679 πεττεία
448 613 587 692 κυβεία(·
605 615 642 678 έν
657 614 675 698 ᾗ
691 615 749 691 μὲν
763 613 824 691 γὰρ
838 615 914 677 τοὺ(
928 613 1043 691 κύβου(
1058 610 1310 691 ἀναρρίπτουων,

140 706 177 770 ἐν
189 705 225 768 δέ
235 709 274 788 τῇ
285 702 413 784 πεττείᾳ
423 701 502 766 αὐτὸ
513 702 614 782 μόνον
624 703 680 767 τὰ(
691 704 822 782 ψήφου(
832 706 1038 780 μετακινοῦει.
1057 723 1133 782 quae
1143 706 1313 766 differentia

140 817 239 874 neque
257 798 289 856 in
307 796 454 872 excerptis
474 795 531 853 ML
550 815 646 872 neque
664 798 744 872 apud
763 796 915 856 Pollucem
934 798 1196 872 commemoratut3
1216 813 1312 870 neque

139 890 273 946 tamena
288 885 429 944 Suetonio
444 885 584 944 omissam
599 904 664 946 esse
678 885 817 945 arbitror.
841 885 1022 945 mentionem
1038 885 1102 943 eius
1116 884 1201 944 initio
1216 884 1311 943 libelli

139 976 251 1036 factam
274 993 339 1033 esee
363 973 471 1049 colligo
496 992 531 1033 ex
554 975 696 1034 Eusrnhi
725 975 824 1034 verbis
849 967 891 1052 (p.
913 975 1013 1048 1397,
1035 967 1069 1052 7)
1088 967 1108 1032 ὁ
1126 969 1162 1032 δὲ
1182 969 1222 1031 τὰ
1240 969 1313 1047 περὶ

139 1059 319 1138 Ἑλληνικὴ(
339 1061 466 1122 παιδιᾶ(
494 1057 621 1137 γράψα(
644 1059 806 1138 διαφορὰν
829 1059 880 1122 καὶ
903 1057 999 1121 αὐτὸ(
1024 1057 1118 1122 εἰδὼ(
1137 1057 1242 1136 κύβων
1261 1057 1312 1120 καὶ

140 1151 264 1212 πεεεῶν
287 1150 352 1211 κτλ.
377 1145 493 1229 (paullo
519 1155 589 1211 ante
622 1153 706 1212 Eust
735 1151 934 1211 differentiam
961 1150 1103 1210 indicavit
1131 1151 1251 1210 aliunde
1259 1141 1312 1230 ¹⁶⁸)

140 1235 345 1320 descriptam).
359 1272 401 1282 —
417 1241 608 1316 proverbium
622 1240 721 1301 κινεῖν
735 1237 794 1300 τὸν
808 1235 870 1316 ἀφ’
883 1235 970 1314 ίερᾶε
984 1259 1002 1298 ιι
1015 1239 1118 1298 multis
1133 1239 1312 1314 explicatur:

140 1331 230 1390 schol.
249 1329 327 1389 Plat.
343 1329 619 1406 Legg.V11820c.
638 1328 665 1385 V
686 1332 781 1390 739ει.
800 1329 929 1406 Hesyeh.
945 1347 967 1387 s.
983 1348 1008 1387 v.
1029 1321 1091 1403 ἀφ’
1108 1324 1203 1402 ἱερὰ(
1225 1328 1311 1388 Ρίιοί.

140 1439 162 1479 s
182 1440 209 1480 v.
234 1415 292 1478 τὸν
316 1411 381 1493 ἀφ’
402 1414 497 1493 ἱερᾶε.
536 1417 672 1478 Oleorehi
690 1418 858 1478 Arcesilam
880 1417 985 1477 laudat
1007 1418 1097 1499 schol.
1121 1417 1198 1478 Plut.
1217 1416 1310 1494 Legg.

141 1509 274 1570 v739a:
289 1505 465 1566 Clearchum
477 1507 635 1567 Suetonius
645 1527 763 1584 quoque
772 1509 878 1567 laudat
885 1507 931 1566 his
940 1507 1042 1566 verbis
1052 1498 1152 1586 (Eunt.
1159 1527 1187 1582 p.
1197 1502 1310 1586 1397);

140 1591 312 1671 Διοδώρου
332 1593 377 1670 δέ,
398 1611 481 1671 φη(ι,
500 1596 559 1656 τοῦ
579 1594 763 1671 Μεγαρικοῦ
781 1591 957 1670 ἐνάγοντο(
975 1591 1033 1655 τὸν
1051 1593 1200 1655 τοιοῦτον
1219 1589 1311 1655 λίθον

140 1681 184 1746 εί(
203 1681 376 1761 ὁμοιότητα
393 1686 449 1760 τῆ(
467 1685 534 1744 τῶν
553 1679 677 1760 ἄετρων
691 1681 832 1760 χορεία(,
853 1680 1014 1758 Κλέαρχο(
1028 1684 1100 1745 ποῖ(
1119 1681 1216 1744 πέντε
1236 1681 1311 1759 φη(ὶ

140 1769 296 1849 πλάνηειν
315 1766 556 1851 consororum)

229 1863 256 1922 A
276 1863 396 1922 calculis
416 1863 501 1923 Enst.
519 1884 548 1939 p.
570 1866 654 1924 1397
674 1865 713 1924 ed
731 1865 809 1924 talos
828 1864 949 1939 transit,
968 1883 996 1938 p.
1018 1865 1080 1923 633
1100 1863 1138 1922 ed
1157 1861 1308 1936 διαγραμ-

140 1947 260 2027 μι(μόν.
297 1952 376 2027 apud
399 1952 551 2011 Pollucem
575 1948 723 2013 πεττείαν
746 1953 856 2029 excipit
880 1954 964 2012 lusus
987 1953 1038 2028 qui
1061 1952 1171 2012 dieitur
1190 1946 1309 2026 nuncu,

141 2041 278 2117 sequitur
287 2035 541 2116 διαγραμμιεμόε,
556 2046 621 2101 tum
631 2043 751 2102 demum
761 2035 1010 2117 ἀ(τραγαλι(μό(
1024 2044 1180 2100 tractatur.
1204 2040 1312 2098 Eusta-

139 2131 222 2189 thius
241 2125 351 2190 πόλει(
365 2131 464 2189 lusum
480 2130 511 2190 in
528 2130 587 2189 fine
601 2131 694 2190 totius
709 2131 920 2207 disputationis
934 2121 1310 2207 posuit(p.1397.1289)

140 2223 171 2278 et
190 2238 258 2278 oum
272 2220 402 2280 telorum
416 2220 486 2278 lusu
500 2220 652 2279 coniunxit
664 2224 832 2296 propterea,
851 2219 929 2297 quod
946 2221 977 2277 in
992 2221 1119 2294 utroque
1132 2217 1310 2278 uocabulum

140 2305 227 2369 κύων
241 2312 412 2386 usurpatur.
440 2307 548 2367 Pollux
562 2310 598 2368 de
613 2304 724 2369 noluo
738 2310 807 2368 lusu
821 2310 909 2385 plura
923 2308 1069 2385 quaedam
1084 2307 1205 2368 exhibet
1218 2325 1309 2383 quam

140 2398 238 2478 Eust,
257 2399 342 2458 velut
361 2395 476 2456 Cratini
494 2417 623 2459 versum.
660 2398 764 2458 eodem
782 2399 870 2458 modo
889 2398 989 2457 lusum
1008 2396 1137 2472 explieat
1155 2396 1262 2457 Zenob.
1281 2395 1310 2453 V

140 2488 180 2547 67
202 2479 336 2567 (brevius
352 2479 496 2568 Hesyoh.)
515 2481 626 2546 πόλει(
640 2483 776 2548 παίζειν·
795 2484 948 2562 μέμνηται
967 2477 1083 2559 ταύτη(
1104 2482 1256 2558 Κρατῖνο(
1273 2481 1310 2544 ἐν

140 2571 342 2650 Δραπέτιαν.
378 2571 397 2649 ἡ
417 2571 453 2634 δέ
472 2570 565 2634 πόλι(
584 2569 670 2635 είδό(
689 2572 751 2636 ἐετι
770 2574 897 2636 παιδιᾶε
916 2575 1133 2650 πεττευτικῆε,
1151 2570 1202 2633 καί
1221 2573 1311 2633 δοκεῖ

140 2661 365 2739 μετενηνέχθαι
384 2657 449 2723 ἀπὸ
468 2663 534 2725 τῶν
552 2665 621 2725 ταῑ(
637 2658 818 2744 ψήφοιείίίλ
837 2658 1018 2725 παιζόντων
1032 2663 1101 2722 ruit
1121 2659 1309 2736 λεγομένω(

139 2753 199 2813 νῦν
223 2746 310 2834 (μὲν)
329 2747 447 2827 χύτραι(
469 2749 543 2813 τότε
567 2751 602 2814 δὲ
627 2748 764 2814 πόλεων.
800 2755 927 2813 eundem
946 2771 1011 2812 esse
1030 2753 1232 2812 Romanorum
1251 2746 1307 2810 ‘ln-

139 2842 210 2900 dum
224 2835 473 2902 latrunculorum'
492 2861 570 2902 nune
590 2842 669 2902 inter
683 2862 784 2903 omnes
799 2845 929 2903 constat:
949 2843 985 2901 ef.
1000 2841 1122 2915 Becker,
1141 2840 1246 2916 Gallus
1262 2839 1309 2898 III

141 2921 218 3011 336',
243 2931 397 2990 Charilrlcs
417 2930 531 2992 11373
553 2923 613 3014 (ed.
633 2926 729 3012 thl),
753 2932 833 3008 Beeq
856 2933 893 2990 de
912 2931 1095 3006 Ponquidres
1111 2949 1139 3004 p.
1160 2931 1224 2989 408
1245 2948 1308 3004 sqq.

140 3021 204 3079 424
220 3039 284 3096 sqq.
320 3021 501 3080 calculorum
519 3039 676 3080 nnmerum
695 3021 788 3080 fuisse
807 3020 963 3096 sexaginta
982 3021 1168 3096 collegerunt
1186 3038 1202 3076 e
1221 3018 1309 3080 Phot.

139 3104 249 3169 πόλει(
273 3104 408 3170 παίζειν·
437 3105 493 3170 τὰ(
521 3109 580 3170 νύν
608 3104 716 3185 χώρα(
739 3107 939 3185 καλουμένα(
967 3105 1003 3169 έν
1030 3108 1100 3169 ταί(
1122 3101 1153 3169 Z'
1177 3104 1308 3183 ψήφοιε,

139 3198 191 3256 ubi
210 3198 324 3258 Porsen
342 3189 373 3258 ξ’
392 3199 566 3259 coniecerat.

230 3283 490 3362 διαγραμμιεμόν,
504 3271 688 3364 (χιιοιιιἙίιιιί.
699 3308 726 3363 p.
739 3289 802 3348 633
813 3287 964 3362 tractavit,
975 3287 1083 3348 Pollux
1096 3286 1198 3362 paucis
1208 3285 1308 3346 verbis

138 3380 257 3436 tantum
276 3375 381 3452 attigit
403 3377 531 3436 similem
550 3394 615 3436 esse
634 3377 736 3436 dicens
755 3372 865 3437 πόλει(
889 3376 974 3436 lusui
1013 3377 1105 3452 atque
1124 3375 1209 3434 Enst.
1229 3375 1309 3434 simi-

138 3465 208 3524 liler
230 3465 316 3524 illum
340 3466 481 3525 describit
503 3484 538 3525 ao
561 3466 668 3525 Pollux
696 3460 806 3526 πόλει(
829 3467 942 3540 lusum,
968 3465 1028 3525 nisi
1050 3465 1128 3541 qnod
1151 3483 1309 3522 numerum

138 3555 319 3613 calculorum
340 3555 424 3614 addit
442 3555 536 3614 fuisse
555 3556 717 3630 sexaginta.
751 3574 873 3630 prorsus
893 3555 996 3614 eudem
1015 3571 1091 3630 quae
1111 3553 1197 3612 Euat.
1215 3552 1310 3612 tradit

139 3642 268 3715 Hesyeh.
293 3638 554 3719 διαγραμμι(μ6(·
577 3639 687 3704 παιδιά
710 3659 757 3704 τι(
781 3638 934 3719 ἑξήκοντα
958 3641 1080 3718 ψήφων
1107 3641 1231 3702 λευκῶν
1258 3639 1310 3701 καὶ

140 3729 298 3802 μελαινῶν
321 3729 358 3791 έν
377 3727 495 3807 χώραι(
514 3728 706 3807 ἑλκομένων.
742 3729 780 3792 τὸ
804 3730 839 3793 δὲ
859 3728 1010 3792 αὐτὸκαὶ
1032 3727 1175 3807 γραμμὰ(
1194 3726 1308 3791 ἐκάλει.

139 3819 218 3878 huuc
241 3820 342 3878 lusum
365 3821 491 3882 eundem
516 3840 581 3881 esse
604 3822 793 3883 coniecerunt
815 3841 849 3882 ae
867 3822 1069 3882 Romanorum
1097 3815 1216 3879 ‘ludum
1239 3820 1309 3879 duo·

214 3951 259 4021 169)
277 3953 308 4008 P.
327 3959 405 4022 1396,
424 3961 458 4010 68
468 3951 529 4026 sqq.
549 3956 627 4012 Eunt.
646 3973 662 4012 e
680 3957 808 4012 technieo
823 3957 945 4026 quodum
964 3957 1041 4012 fonte
1059 3955 1143 4026 plura
1156 3954 1309 4024 congessit:

138 4043 164 4080 v.
185 4023 327 4080 Gaisfordi
346 4025 439 4080 adnot
459 4029 496 4082 ad
515 4027 560 4082 Et.
579 4029 820 4100 Mg.6ee‚1e.—
844 4028 890 4096 ¹⁶⁴)
910 4028 971 4094 Quo
989 4027 1073 4083 modo
1088 4044 1122 4081 ex
1140 4027 1197 4080 illis
1216 4024 1308 4080 verbis

141 4097 253 4166 Sauppe
276 4095 389 4165 (Philol.
413 4096 451 4151 Xl
475 4100 520 4167 39)
549 4100 683 4170 colligere
710 4101 834 4169 potuerit
861 4099 1028 4154 clearchum
1053 4100 1196 4152 auctorem
1223 4096 1309 4150 fuisse

138 4167 272 4222 Eustethi
298 4167 422 4224 Pollucis
450 4171 537 4226 schol.
560 4171 645 4240 Plan,
668 4187 725 4227 non
746 4171 890 4240 intellego.
932 4169 1083 4226 Clearchus
1109 4171 1171 4236 crept
1199 4167 1309 4235 γρίφων

138 4239 262 4309 scripsit,
280 4256 338 4294 nou
356 4239 469 4310 scripsit
486 4241 515 4296 in
534 4242 691 4297 universum
708 4245 771 4310 περὶ
793 4245 919 4296 παιδιῶν.
940 4274 973 4282 -
996 4242 1042 4310 ¹⁰⁵)
1068 4241 1160 4295 Verba
1177 4246 1238 4293 ταί(
1255 4240 1309 4306 ψή-

138 4327 201 4376 φοι(
224 4328 291 4366 cave
314 4329 349 4366 ne
372 4312 524 4382 coniungas
548 4330 611 4367 eum
633 4321 693 4368 ταί(
720 4315 880 4382 λεγομένω(
902 4317 972 4380 κτλ.;
999 4331 1064 4368 nam
1087 4317 1181 4379 ψῆφοι
1203 4310 1232 4363 in
1255 4310 1309 4364 hoc

137 4380 201 4434 lusu
224 4384 303 4438 κύνε(
325 4383 547 4453 appellabantur.
589 4386 675 4439 verba
698 4389 771 4439 δοκεῖ
796 4387 993 4453 μετενηνέχθαι
1015 4384 1118 4439 referas
1142 4383 1178 4436 ad
1204 4381 1309 4437 omissa

137 4452 224 4507 verba
241 4457 259 4522 ἡ
277 4455 418 4524 παροιμία.
442 4455 476 4510 ef.
496 4454 615 4525 Hesyeh.
652 4457 654 4461 ’
