3102 5158
247 219 319 298 ‘364
408 188 411 194 Ι
713 220 847 292 Leopold
866 220 957 277 Gohn:

253 404 317 463 ρος,
336 385 355 448 ὃ
374 391 412 469 τῇ
431 383 578 467 ὑςτεραίᾳ
596 387 662 448 τών
681 386 720 463 μὴ
740 389 904 464 κρατερῶν
922 390 980 450 τοῦ
994 384 1099 451 πίνειν
1113 389 1291 465 κατεχέετο.
1321 391 1432 452 nSue·

252 479 334 538 ionio
352 499 410 538 non
429 480 579 554 discrepat
598 478 726 555 Hesych.
746 473 954 554 ἑωλοκραςία·
976 477 1099 554 χθεςινή
1119 477 1205 555 μέθη,
1226 477 1328 542 έωλος
1350 481 1434 556 κρᾶ-

254 583 308 642 ςις,
327 566 346 643 ἣ
366 561 445 642 παρ’
465 562 640 641 Ἀθηναίοις
655 569 819 641 κατεχεῑτο
839 569 907 629 τοῖς
926 565 1166 644 παννυχίζουςι,
1186 566 1238 629 διὰ
1256 567 1293 630 τὸ
1314 567 1354 646 μὴ
1374 568 1436 630 δύ-

253 659 365 717 ναςθαι
384 654 506 729 ςτέγειν
525 653 563 716 τὸ
582 651 794 729 παννυχίζειν.
828 657 937 717 similia
954 658 1080 718 cudunt
1098 659 1189 720 schol.
1208 659 1280 718 Luc.
1297 659 1387 721 Gonu.
1412 663 1432 719 3

254 745 302 806 Et.
316 746 377 821 Mg.
394 747 467 820 352,
483 748 524 806 33
544 741 637 820 ἡνίκα
657 737 827 806 ςυνέπινον
842 741 992 823 ἀλλήλοις
1007 743 1094 821 παρὰ
1108 741 1285 821 Ἀθηναίοις
1305 744 1334 808 οἱ
1350 746 1434 823 νέοι,

253 830 306 894 ἐπὶ
327 829 458 894 ἑκάςτου
483 833 600 909 κρατὴρ
620 829 712 894 οἴνου
737 829 872 895 ἐτίθετο
892 833 943 895 καὶ
963 831 992 896 εί
1009 853 1055 895 τις
1075 833 1264 910 ἑκαθεύδηςε
1284 835 1323 912 μὴ
1343 835 1435 898 πιών

253 920 311 983 τὸν
334 919 418 985 ἴδιον
442 924 582 998 κρατῆρα
606 920 689 997 πρωὶ
714 921 793 984 κατὰ
815 925 871 999 τῆς
895 921 995 985 αὐτοῦ
1019 925 1162 1000 κεφαλῆς
1185 923 1273 989 ἐξέ
1202 925 1273 1000 ξέεχ
1276 943 1339 986 ετο.
1378 925 1435 986 καί

254 1009 400 1072 ἐκαλεῖτο
420 1008 625 1086 ἑωλοκραςία.
661 1012 878 1073 Demosthenes
902 1016 939 1074 de
958 1033 1016 1074 cor
1037 1018 1078 1074 50
1103 1010 1319 1090 ἑωλοκραςίαν
1342 1035 1435 1074 usuu-

252 1103 338 1177 pevit
351 1103 389 1161 ed
403 1121 494 1162 venas
509 1102 665 1161 Aeschinis
680 1103 842 1162 calumnias
858 1103 1085 1199 significandus
1110 1124 1198 1180 quem
1213 1105 1430 1164 Demosthenis

253 1192 351 1250 locum
370 1193 587 1267 inte1··tp1estur
600 1191 748 1267 Didymus
767 1211 813 1267 ep
830 1192 971 1268 Harpocr
987 1150 1196 1266 ἑωλοκραςία·
1216 1191 1431 1268 Δημοςθένης

254 1277 290 1340 ἐν
308 1280 354 1360 τῷ
369 1276 450 1354 ὑπὲρ
467 1274 725 1355 Κτηςιφώντος·
728 1275 877 1340 αίτιοςδ’
891 1276 986 1341 οὗτος
1001 1276 1107 1356 ώςιτερ
1123 1277 1339 1356 ἑωλοκραςίαν
1353 1279 1431 1342 τινά

254 1387 313 1445 μου
332 1371 388 1444 τῆς
412 1365 566 1444 πονηρίας
585 1369 642 1444 τῆς
662 1364 761 1429 αὑτοῦ
784 1364 1036 1430 καταςκεδάςας’.
1074 1366 1217 1446 Δίδυμος
1240 1366 1324 1431 δέ·
1332 1366 1433 1431 οὗτος

256 1455 329 1531 χθὲς
349 1455 400 1518 καὶ
418 1455 531 1537 πρώην
549 1453 569 1516 ἃ
589 1455 738 1532 ἑκέραςεν
757 1453 926 1533 πράγματα
946 1453 1063 1535 ἀρχαία
1078 1455 1269 1535 ςυγκεράςας
1288 1456 1432 1535 τήμερόν

257 1563 309 1622 μοι
329 1548 460 1621 καταχεῖ
479 1542 529 1606 καὶ
549 1543 603 1622 ἐμὲ
619 1543 735 1622 πρᾶξαί
750 1542 845 1622 φηςι’.
879 1549 954 1608 illud
973 1546 1008 1608 δέ
1023 1552 1091 1624 post
1109 1549 1202 1609 verbe
1215 1549 1431 1609 Demosthenis

257 1637 404 1712 quaedem
423 1637 567 1696 excidisse
585 1636 706 1714 indicat,
724 1656 830 1713 nempe
850 1657 916 1696 eam
933 1638 1014 1698 vocis
1034 1633 1230 1712 ἑωλοκραςία
1248 1640 1432 1714 ίιιίοιριαίιι-

257 1727 378 1803 tionem,
398 1745 485 1802 quum
506 1725 665 1784 Suetonius
691 1728 721 1784 et
738 1725 906 1802 Hesychius
926 1727 1060 1786 tradunt.
1102 1729 1244 1804 supplent
1263 1727 1433 1804 Harpocra-

254 1815 367 1874 tionem
387 1815 438 1892 qui
456 1815 611 1875 abeodem
630 1819 750 1873 auctore
764 1816 896 1889 pendent
909 1814 1035 1874 Photius
1054 1821 1084 1876 et
1102 1817 1230 1892 scriptor
1249 1818 1335 1874 lexici
1349 1818 1430 1876 rhet.

255 1904 349 1966 Bekh.
369 1906 443 1979 258,
460 1895 569 1983 12173)
602 1901 687 1964 Phol.
708 1895 804 1983 (Suid.
819 1905 865 1964 llt.
881 1905 940 1980 Mg.
957 1907 1031 1982 352,
1046 1899 1103 1987 23)
1123 1901 1333 1982 ἑωλοκραςία·
1353 1900 1430 1965 έθος

255 1989 295 2068 ἦν
313 1993 380 2053 τοῖς
399 1991 484 2054 νέοις
500 1992 660 2052 δειπνοθςι
675 1989 725 2051 καὶ
740 1989 960 2066 νυκτερεύουςι
975 1994 1126 2067 καταχεῖν
1139 1993 1205 2054 τών
1219 1991 1430 2069 κοιμωμένων

255 2081 321 2141 τών
341 2078 455 2144 ἑώλων
474 2078 614 2142 δείπνων
633 2079 708 2141 τοὺς
727 2079 851 2155 Ζωμοὺς
871 2079 951 2156 πρὸς
976 2080 1035 2157 τὴν
1058 2080 1208 2158 τοιαύτην
1227 2080 1359 2143 παιδιὰν
1377 2100 1429 2142 κε-

255 2169 440 2246 κραμένους.
473 2168 538 2243 ἐγὼ
554 2168 589 2230 δὲ
609 2166 788 2251 (Didymum
802 2172 884 2247 loqui
899 2175 934 2230 εις
948 2171 1192 2247 Ηιιιροοιαλὶοιιία
1207 2174 1271 2232 loco
1287 2168 1429 2250 apparet)

256 2259 379 2335 μᾶλλον
400 2256 518 2334 νομίζω
542 2260 730 2333 πεποιῆςθαι
755 2256 793 2318 τὸ
816 2253 920 2334 ὄνομα
943 2255 1007 2319 ὑπὸ
1030 2261 1088 2320 τοῦ
1113 2256 1249 2338 ῥήτορος
1273 2256 1337 2321 ἀπὸ
1361 2261 1429 2321 τών

257 2345 370 2409 ἑώλων
390 2345 410 2409 ἅ
424 2347 507 2409 ἐςτιν
523 2343 648 2423 ἀρχαῖα,
669 2342 717 2407 ὅτι
734 2343 905 2421 πράγματα
920 2344 1038 2422 ἀρχαῖα
1053 2345 1244 2424 ςυγκεριίςας
1259 2347 1428 2424 κατηγόρει

256 2433 443 2513 ὸΑίςχίνης.
477 2439 532 2498 lex.
547 2438 623 2497 rhet.
638 2437 733 2498 Bekk.
749 2439 822 2512 258,
839 2440 879 2496 12
896 2433 957 2515 (lli.
973 2438 1034 2515 Mg.
1050 2441 1123 2513 352,
1139 2432 1195 2520 37)
1216 2434 1428 2514 ἑωλοκραςία’

255 2524 274 2602 ἡ
295 2523 461 2602 κατάχυςις
480 2526 546 2586 τῶν
561 2525 675 2603 ζωμῶν
690 2525 756 2586 τών
770 2521 883 2586 ἑώλων
899 2523 1039 2587 δείπνων
1053 2525 1106 2588 ἐπὶ
1120 2526 1196 2588 τοὺς
1210 2527 1427 2602 κοιμωμένους
1510 2589 1511 2614 ,

255 2616 320 2676 τών
349 2611 577 2692 ςυμπινόντων.
623 2610 816 2691 λαμβάνεται
850 2613 885 2675 δὲ
914 2614 965 2676 καὶ
997 2613 1049 2676 ἐπὶ
1077 2613 1251 2695 κατηγορίᾳ
1283 2612 1426 2691 ἀρχαίων
1510 2635 1511 2696 ρ

254 2701 459 2780 πραγμάτων.
506 2705 611 2765 Pollux
641 2700 856 2780 ἑωλοκραςίαν
886 2710 1013 2782 utroque
1038 2708 1102 2767 loco
1132 2701 1222 2787 (libro
1246 2706 1289 2765 VI
1314 2710 1345 2766 et
1367 2704 1425 2783 IX)
1510 2735 1511 2740 ι

256 2795 375 2855 omnino
394 2795 559 2871 proeteriit.
1510 2817 1511 2830 ι

345 2879 530 2960 κότταβος
552 2885 652 2944 lusum
675 2884 778 2959 paucis
802 2885 938 2944 versibus
962 2885 1120 2962 descripsit
1144 2886 1239 2945 Tzetz.
1258 2884 1328 2946 Ver.
1347 2885 1426 2944 Hist.
1510 2929 1511 2964 ,

255 2973 299 3032 VI
319 2976 504 3034 884-897.
537 2968 646 3033 similia
664 2972 726 3032 fere
746 2974 837 3033 schol.
858 2974 909 3034 Ar.
930 2973 999 3034 Pac.
1014 2977 1078 3034 343
1098 2975 1205 3033 Pollux
1224 2973 1268 3032 VI
1284 2976 1346 3034 109
1367 2976 1427 3033 tra-

256 3064 344 3139 dunt,
367 3064 469 3139 paullo
493 3063 612 3123 diverse
636 3063 729 3122 schol.
753 3063 804 3122 Ar.
824 3062 891 3120 Pec.
914 3064 1008 3123 1242.
1050 3063 1201 3122 ubernime
1225 3063 1428 3140 disputatione
1510 3051 1511 3128 Ϊ

255 3152 292 3211 de
311 3154 366 3212 hoc
384 3153 454 3212 lusu
474 3153 595 3228 exponit
610 3151 782 3211 Athenaeus
797 3151 853 3210 XV
869 3153 1100 3213 6659-6681.
1128 3154 1230 3230 itaque
1245 3152 1424 3212 Eustethius
1510 3161 1511 3220 ζ

255 3243 310 3300 hac
328 3242 360 3300 in
379 3261 411 3301 re
426 3244 615 3302 Athenaeum
629 3259 718 3317 quem
734 3240 908 3303 Suetonium
922 3242 1006 3318 sequi
1019 3243 1139 3302 meluit:
1159 3262 1236 3319 quse
1250 3242 1286 3300 de
1303 3242 1424 3300 cottebc

254 3331 340 3391 Eust.
359 3352 386 3407 p.
410 3335 507 3408 1170,
528 3334 568 3391 53
593 3335 709 3404 narret,
733 3350 769 3390 ex
789 3332 943 3390 Athenaeo
966 3326 1035 3411 (XV
1057 3325 1156 3414 eous)
1180 3331 1359 3406 compilavit.
1390 3332 1426 3388 of.

254 3424 413 3496 praeterea
429 3422 518 3483 schol.
534 3422 604 3480 Luc.
619 3419 742 3496 Lexiph.
758 3421 776 3479 3
796 3421 844 3479 Et.
859 3420 919 3496 Mg.
931 3421 1005 3494 533,
1026 3424 1064 3479 15
1085 3419 1213 3496 Hesych.
1229 3438 1251 3478 s.
1265 3438 1293 3477 v.
1313 3433 1425 3476 κοττα-

257 3509 327 3584 βεῖα
346 3514 376 3570 et
394 3505 556 3586 κότταβος.
595 3512 631 3570 de
650 3510 761 3568 cottabi
786 3511 853 3566 lusu
872 3509 1046 3568 difficillimo
1065 3510 1153 3566 multi
1172 3507 1366 3579 scripserunt:
1387 3507 1424 3567 cf,

254 3599 461 3675 Becker-(iim,
481 3599 636 3660 Cherikles
655 3596 686 3655 II
706 3599 779 3658 366.
807 3597 886 3673 Bcoq
905 3597 941 3656 de
960 3598 1140 3673 Fouquieres
1158 3615 1187 3670 p.
1208 3594 1269 3652 212
1282 3609 1344 3666 sqq.

603 3763 631 3821 2.
654 3759 703 3817 De
722 3776 912 3832 puerorum
929 3755 1079 3815 lusibus.

344 3879 521 3961 μηλὰνθη.
555 3883 714 3944 Suetonius
733 3901 780 3958 ep.
798 3883 883 3940 Dust.
902 3900 931 3956 p.
948 3882 1041 3954 1329,
1058 3881 1098 3939 25
1119 3871 1205 3962 (ML)
1225 3879 1304 3940 hunc
1322 3880 1420 3940 lusum

255 3975 387 4051 appellet
401 3967 543 4047 μηλάνθη
563 3976 595 4032 et
613 3973 721 4032 ebt
666 3973 721 4031 Att
721 3972 774 4030 icis
794 3970 940 4047 appellari
954 3969 1079 4029 adnotet
1093 3965 1243 4046 μηλόνθη
1273 3969 1324 4028 sed
1343 3971 1420 4046 apud

305 4127 376 4198 ¹⁷³)
397 4127 563 4194 Ubicunque
585 4125 701 4181 Photius
725 4126 755 4178 et
779 4124 900 4208 scriptor
919 4125 973 4179 lex.
1000 4125 1071 4180 rhet.
1095 4125 1182 4180 Βαλίε
1205 4123 1278 4179 inter
1306 4139 1335 4206 se
1360 4141 1420 4179 con·
1436 4163 1441 4174 .

255 4201 556 4356 23253511ῗὶ
573 4195 1473 4338 325ίὲ33523,1513123111252551

254 4345 327 4472 ἒὶἱὶι
331 4342 508 4471 ρὸίίἒεὶιιιιδιῦιιι
535 4341 700 4413 conscripto.
738 4343 772 4396 de
804 4341 894 4397 tribus
918 4342 977 4398 eius
1004 4342 1080 4400 modi
1107 4341 1203 4398 lexicis
1230 4342 1316 4396 retent
1343 4343 1419 4398 Phot.

279 4434 288 4471 1
369 4432 385 4469 o
