3102 5158
155 237 195 294 De
211 238 397 308 Aristophane
412 239 547 310 Byzantio
561 240 591 294 et
603 241 736 297 Suetonio
751 241 915 310 Tranquillo
932 243 1063 297 Eustathi
1078 243 1245 303 auctoribus.
1266 244 1331 310 335

155 409 292 489 plurimis
316 409 438 485 glossis
452 427 518 468 cum
538 407 679 468 Suetonio
708 411 865 470 convenire
884 410 1068 487 Hesychium
1091 416 1181 490 atque
1201 415 1330 474 alterum

156 501 289 576 suppleri
308 500 347 558 ab
369 499 473 558 altero.
511 498 680 574 Hesychius
704 504 806 558 autem
825 501 880 558 hoc
899 501 1005 559 tradit:
1033 492 1254 577 βροτολοιγός·
1274 499 1329 563 ἀν-

155 583 389 666 θρωποκτόνος.
422 582 674 662 αἱμοφθόρος.
702 589 824 648 videsne
843 588 967 648 eandem
983 589 1186 651 esse‘Suetoni
1205 593 1330 652 eandem

154 678 285 756 Hesychi
313 677 612 754 interpretationem?
643 697 750 752 nempe
776 672 794 736 6
826 673 939 753 Budroe
966 679 1047 738 idem
1070 683 1117 740 est
1140 682 1220 757 quod
1244 676 1327 756 αἷμα.

153 770 214 829 iam
236 787 284 826 res
313 765 472 824 manifesta
495 768 555 826 est:
587 764 735 825 Homerus
760 768 791 826 et
814 765 982 843 Aeschylus
1008 759 1128 849 (Suppl.
1152 765 1231 852 665)
1260 791 1328 830 cum

153 860 280 918 Martem
302 849 512 931 βροτολοιγόν
531 855 696 931 appellant,
722 875 739 914 a
764 849 877 931 βροτός
895 856 1040 916 vocabulo
1060 858 1191 918 derivari
1214 861 1328 934 volunt,

154 947 290 1007 Comicus
309 945 361 1005 ille
382 963 449 1003 cum
467 944 637 1004 feMatorem
653 944 800 1020 quendam
821 940 1031 1021 βροτολοιγὸν
1050 946 1137 1021 dixit,
1162 948 1198 1007 de
1215 942 1328 1023 βρότος

153 1035 295 1097 vocabulo
314 1034 459 1109 cogitavit
484 1037 515 1093 et
536 1033 663 1109 cogitari
685 1033 789 1094 voluit.
826 1037 931 1092 amant
948 1037 1054 1110 poetae
1074 1035 1180 1096 Granni
1199 1034 1237 1097 τὸ
1257 1033 1326 1098 ἐτυ-

153 1125 313 1200 μολογεῖν.
342 1155 379 1164 -
401 1123 544 1183 Eustathi
562 1124 664 1181 autem
683 1123 775 1182 verba
794 1119 845 1181 καὶ
864 1118 967 1183 οὕτως
986 1117 1042 1182 ἐπ’
1056 1119 1181 1203 ὀλέθρῳ
1203 1127 1327 1201 βροτῶν

152 1209 242 1288 εἶναι,
264 1210 389 1272 simodo
403 1215 484 1271 recte
499 1212 658 1288 disputavi,
678 1211 809 1287 excerpti
823 1212 853 1270 M
872 1212 971 1272 verbis
986 1208 1087 1273 οἱονεὶ
1103 1211 1324 1291 βροτοφθόρος

152 1323 211 1362 non
229 1301 421 1377 respondent,
443 1301 495 1360 sed
520 1321 555 1360 ea
574 1301 737 1360 obscurant
752 1304 782 1360 et
799 1301 831 1359 in
850 1319 981 1361 errorem
1000 1301 1124 1362 ducunt:
1144 1303 1322 1365 Eustathius

151 1393 205 1452 illa
224 1393 260 1452 de
280 1409 333 1450 suo
353 1389 469 1464 adiecit,
489 1393 524 1450 ut
542 1390 666 1449 Suetoni
684 1390 964 1465 interpretationem
986 1386 1219 1467 βροτοφθόρος,
1240 1393 1323 1454 euius

153 1501 256 1542 veram
276 1479 525 1556 significationem
544 1498 605 1540 non
626 1478 792 1555 perspexit,
812 1478 1075 1540 circumscriberet.

238 1571 286 1629 Ad
300 1568 356 1628 hoe
365 1571 455 1644 caput
470 1569 543 1628 satis
558 1568 755 1645 probabiliter
764 1567 889 1627 coniecit
898 1569 1057 1628 Fresenius
1072 1570 1243 1632 referendas
1259 1591 1324 1633 esse

154 1661 271 1736 glossas
291 1652 428 1732 κοβάλης
443 1660 475 1716 et
489 1652 669 1731 ςποδόρχης
684 1659 722 1716 ab
736 1657 895 1716 Eustathio
914 1677 942 1732 p.
961 1660 1054 1730 1431,
1070 1660 1111 1718 46
1132 1665 1321 1722 memoratas.

240 1751 271 1808 4.
291 1742 350 1808 Εἰς
365 1743 570 1820 πονηρούς.
600 1747 739 1823 Triginta
752 1745 883 1822 quinque
897 1746 1012 1822 glossas
1027 1747 1200 1824 exhibetM,
1214 1750 1321 1826 vigint'

149 1843 210 1898 tres
225 1835 413 1908 Eustathius,
429 1835 537 1910 viginti
553 1837 626 1895 duas
642 1834 676 1896 L.
691 1829 837 1908 ἀλάςτιυρ
851 1836 993 1910 glossam,
1012 1854 1102 1911 quam
1122 1836 1164 1896 sic
1177 1837 1321 1915 interpre-

148 1930 253 1987 tantur
271 1926 341 1985 ML:
360 1919 519 2008 ἀλάςτωρ·
535 1920 553 1986 6
572 1919 722 1998 πράττων
736 1941 764 1984 τι
779 1922 819 1999 μή
835 1918 1015 1998 δυνάμενον
1029 1921 1065 1984 ἐν
1085 1923 1185 1985 λιταῖς
1200 1942 1321 2001 ςιιγχω-

149 2017 281 2091 ρηθῆναι
301 2014 333 2090 ἢ,
353 2009 397 2072 ὡς
417 2008 436 2071 6
457 2009 651 2088 Χρύςιππος,
671 2008 813 2086 ἐλάςτωρ
832 2029 878 2071 τις
893 2007 1045 2093 ὢνᾶξιος
1064 2010 1251 2075 ἐλαύνεςθαι
1270 2013 1322 2076 διὰ
1401 2018 1403 2020 ’

148 2101 255 2181 φόνον
269 2102 288 2180 ἤ
304 2121 333 2164 τι
343 2101 499 2163 τοιοῦτον.
519 2103 668 2163 τοιοῦτον
683 2099 718 2162 δὲ
733 2098 785 2161 καὶ
799 2095 956 2175 ὁάλιτρὸς
971 2097 1022 2161 καὶ
1034 2096 1053 2159 6
1063 2095 1236 2179 ἀλιτήριος,
1251 2105 1322 2166 duo-

147 2197 203 2255 bus
220 2195 293 2255 locis
307 2193 393 2252 Eust.
403 2193 545 2251 tractavit
559 2213 587 2267 p.
597 2193 671 2268 474,
684 2195 734 2273 21τ
750 2193 845 2263 1415,
863 2193 913 2264 17,
927 2193 1034 2251 neutro
1049 2190 1224 2252 Suetonium
1240 2213 1321 2254 secu-

149 2287 207 2344 tus.
236 2282 359 2343 elerico
373 2281 522 2340 rhetorico
536 2301 603 2340 eum
620 2299 674 2339 sua
688 2281 799 2340 habere
814 2271 865 2360 (ef.
880 2280 999 2340 Fresen.
1015 2300 1043 2356 p.
1056 2283 1118 2340 135
1133 2300 1161 2342 n.
1173 2274 1208 2362 3)
1223 2284 1322 2344 elucet

148 2373 326 2448 comparatis
350 2372 406 2431 lex.
425 2369 518 2430 Bekk.
539 2373 616 2443 374,
638 2372 678 2429 22
703 2370 751 2428 Mt.
770 2370 831 2445 Mg.
852 2371 907 2442 57,
929 2372 980 2430 25.
1021 2368 1225 2444 παλαμναῖος
1249 2391 1320 2432 vero
1417 2391 1421 2398 ·

146 2464 280 2538 glossam
293 2462 325 2519 in
339 2459 396 2518 ML
411 2459 543 2520 breviter
558 2459 736 2534 explicatam
749 2450 978 2536 (παλαμναῖος’
993 2452 1012 2515 6
1027 2453 1219 2532 ἐνεχόμενος
1234 2456 1319 2535 μιάς-

148 2543 234 2632 ματι)
254 2571 270 2610 e
286 2548 427 2608 Suetonio
446 2547 708 2612 illustrassamihi
722 2547 842 2608 videtur
855 2546 940 2605 Eust.
954 2567 983 2621 p.
995 2549 1068 2623 586,
1081 2550 1098 2606 2
1119 2547 1319 2623 παλαμναῖος

147 2636 185 2699 οὐ
203 2635 304 2714 μόνον
323 2631 508 2710 κοινότερον
524 2632 543 2696 6
560 2631 748 2712 βριαρόχειρ,
767 2629 851 2695 ἀλλὰ
865 2630 915 2694 καὶ
930 2629 948 2694 6
963 2630 1126 2711 αὐτοχειρὶ
1142 2633 1223 2697 κατὰ
1241 2637 1317 2699 τοὺς

147 2726 303 2789 παλαιοὺς
322 2722 476 2810 φονεύων
499 2721 550 2786 καί
572 2741 632 2786 τινι
652 2720 796 2800 μιὰςματι
816 2719 938 2797 ἔνοχος.
977 2720 1042 2802 [καὶ
1060 2721 1143 2786 Ζεὺς
1163 2724 1213 2802 δέ,
1233 2744 1318 2803 φαςι,

146 2818 348 2893 παλαμναῖος
367 2812 385 2875 6
404 2812 480 2875 τοὺς
504 2815 618 2891 φονεῖς
642 2809 873 2889 καταρρίπταιν.
910 2808 961 2872 καί
980 2829 1026 2872 τις
1045 2812 1095 2888 δέ,
1119 2832 1208 2890 φαςι,
1228 2811 1319 2877 ἀςπὶς

146 2896 580 2983 nolupvotoexuleuo].1⁰⁴)
618 2899 745 2978 ψογερὰ
769 2900 804 2962 δὲ
829 2900 911 2963 λέξις
930 2896 979 2962 ἀεὶ
999 2899 1086 2976 παρὰ
1104 2904 1172 2964 τοῖς
1191 2901 1317 2981 ῥήτορα

147 2992 234 3074 [δίχα
254 2989 348 3072 Διὸς]
369 2989 388 3053 6
408 2992 619 3068 παλαμναῖος.
652 2992 780 3052 concinit
798 2992 929 3068 Hesyeh.
949 2990 1164 3066 παλαμναῖος·
1183 3037 1190 3052 .
1206 3038 1234 3054 ..
1254 3012 1315 3070 φο-

146 3082 234 3160 νεύς,
259 3081 278 3144 ὁ
305 3078 487 3160 αὐτοχειρίᾳ
513 3078 584 3142 τινὰ
607 3077 746 3154 ἀνελών,
771 3076 789 3140 6
813 3075 1005 3154 ἐνεχόμενος
1029 3076 1173 3155 μιάςματι
1202 3078 1317 3163 οἰκείῳ.

146 3175 274 3234 elerico
293 3173 442 3232 rhetorico
466 3172 544 3231 hunc
561 3171 704 3230 Eustathi
728 3171 827 3230 locum
848 3189 907 3229 non
930 3188 995 3228 esse
1015 3170 1224 3247 depromptum
1248 3166 1317 3252 (hoe

146 3263 305 3323 videbatur
322 3262 463 3321 Fresenio
482 3281 511 3336 p.
532 3263 594 3320 135
615 3281 643 3319 n.
663 3253 711 3339 4),
731 3259 821 3319 Photi
840 3277 863 3318 s.
881 3279 908 3318 v.
928 3257 1131 3332 παλαμναῖος
1149 3260 1316 3338 discrepan-

144 3353 188 3411 tia
206 3353 400 3411 demonstrat.
728 3419 745 3444 ·
1236 3414 1240 3421 Ι

235 3440 410 3500 Suetonium
424 3458 491 3499 eum
505 3438 598 3498 lexico
617 3437 766 3498 rhetorico
781 3434 909 3512 quodam
924 3437 1062 3496 conflavit
1076 3437 1162 3498 Eust.
1176 3458 1205 3514 p.
1222 3440 1317 3513 1864,

147 3533 198 3604 22,
217 3531 269 3588 ubi
289 3529 406 3606 copiose
422 3527 458 3586 de
473 3528 627 3603 Eurybato
647 3527 781 3601 disputat
798 3526 925 3601 exempli
944 3526 1072 3601 improbi
1086 3526 1213 3586 hominis
1227 3545 1317 3588 causa

146 3619 379 3695 ascriptoribus
399 3636 458 3676 non
477 3635 629 3691 nunquam
648 3614 791 3675 adhibito.
829 3615 866 3675 cf.
884 3615 1005 3676 Fresen.
1024 3636 1052 3690 p.
1073 3617 1113 3674 56
1135 3618 1166 3674 et
1183 3616 1270 3676 infra.

233 3705 380 3783 Φηλήτης
412 3707 547 3783 glossam·
571 3705 668 3763 tribus
696 3703 769 3764 loeis
798 3707 945 3762 memorat
969 3704 1160 3778 Eustathiu8‚
1189 3725 1316 3780 quorum

144 3796 260 3854 nullum
289 3796 430 3857 Suetonio
459 3795 591 3854 tribuere
622 3811 713 3853 ausus
742 3796 788 3852 est
810 3792 969 3852 Fresenius
998 3786 1040 3870 (p.
1062 3795 1123 3853 137
1148 3814 1176 3852 ιι.
1197 3786 1239 3874 3).
1281 3815 1315 3856 ae

144 3905 171 3959 p.
190 3887 261 3959 194,
277 3887 317 3943 32
339 3885 459 3960 quidem
477 3887 581 3944 vetera
598 3883 630 3941 in
645 3881 810 3942 Hesiodum
829 3881 941 3942 scholia
955 3882 1114 3958 usurpavit
1131 3874 1229 3961 (τινὲς
1248 3884 1314 3944 τῶν

144 3971 292 4033 παλαιῶν
311 3972 505 4046 ςχολιαςτῶν
524 3964 699 4052 Ἡςιόδου),
719 3991 747 4047 p.
768 3973 839 4044 781,
861 3973 900 4028 12
921 3973 974 4029 aut
992 3972 1095 4031 eadem
1115 3976 1168 4031 out
1187 3971 1314 4033 Choero-
1406 3987 1416 4012 ι

143 4064 267 4124 boscum
287 4054 338 4138 (cf.
357 4061 421 4121 eius
436 4061 578 4137 Orthogr.
594 4063 667 4136 271,
683 4063 733 4121 30.
752 4060 802 4119 Et.
816 4058 865 4118 Or.
882 4061 953 4132 159,
970 4063 1021 4121 27.
1040 4061 1089 4120 Et.
1103 4061 1164 4137 Mg.
1181 4063 1253 4135 794,
1271 4055 1313 4141 1).

143 4152 195 4213 sed
213 4173 242 4229 p.
263 4152 364 4225 1889,
384 4153 400 4208 1
423 4149 598 4210 Suetonium
616 4149 791 4209 crediderim
811 4149 849 4208 ab
868 4148 1028 4208 Eustathio
1048 4168 1113 4209 esse
1132 4150 1313 4211 adhibitum:

142 4289 355 4300 ——.----

217 4355 263 4424 104)
288 4353 381 4410 Verba
404 4357 448 4409 καὶ
467 4355 538 4408 Ζεὺς
557 4385 589 4393 -
609 4355 733 4409 ἐκαλεῖτο
757 4355 788 4408 ut
811 4327 928 4409 aliunde
947 4355 1078 4424 excerpta
1101 4353 1214 4425 inclusi,
1238 4356 1313 4427 quod

143 4427 244 4486 alibri
263 4426 428 4485 Suetoniani
445 4424 563 4484 consilio
581 4425 740 4483 abhorrent.
764 4426 798 4482 cf.
817 4425 861 4482 Et.
880 4426 937 4498 Mg.
957 4432 1021 4498 647,
1034 4431 1111 4498 45,
1174 4497 1176 4500 .
1224 4491 1230 4498 ‚
1291 4445 1294 4448 ·
