3102 5158
220 261 286 326 352
687 259 813 330 Leopold
832 259 924 314 Cohn:

220 435 272 491 tur
294 449 312 488 a
335 429 477 490 Suetonio
501 449 547 505 ap.
570 430 655 489 Euat.
678 449 707 505 p.
732 429 901 504 1330,12.
927 429 1026 506 1527,
1047 430 1088 486 64
1114 419 1185 508 (Μ).
1221 426 1301 486 idem
1323 427 1401 486 facit

220 521 332 596 Phry-n.
356 519 450 579 Belrk.
475 521 527 594 43,
548 520 588 578 29
614 511 766 578 Ἰαπετὸς·
790 511 860 592 ἀντὶ
881 517 940 577 τοῦ
963 514 1081 592 γέρων·
1105 513 1156 577 καὶ
1179 511 1322 577 Τιθωνὸς
1346 512 1400 576 καὶ

224 603 344 683 Κρόνος
367 603 421 668 ἐπὶ
443 606 509 667 τῶν
532 602 704 682 γερόντων.
742 607 779 665 de
797 607 926 666 Tithono
949 609 1054 666 narrat
1073 604 1245 666 Suetonius:
1269 601 1399 677 λέγεται

222 695 258 757 δὲ
278 692 297 758 ὸ
315 691 458 757 Τιθωνὸς
477 691 529 756 διὰ
547 696 647 771 γήρας
666 692 702 756 ἐν
720 689 850 774 ταλάρῳ
869 693 888 771 ἢ
907 689 1056 775 καρτάλιμ
1075 694 1294 770 κρεμαςθῆναι,
1317 689 1401 754 κατὰ

222 784 257 848 δέ
281 800 370 845 τινας
395 779 439 846 είς
462 781 589 857 τέττιγα
611 784 854 860 μεταβληθῆναι.
894 783 1002 860 prioris
1028 785 1147 844 fabulae
1172 802 1264 842 unum
1287 785 1398 843 testem

221 876 317 936 habeo
337 874 524 948 Suetonium,
544 874 671 934 alteram
691 874 816 933 tradunt
835 874 925 934 schol.
948 870 968 933 Γ
990 875 1051 933 151
1072 869 1097 934 Λ
1117 875 1135 932 5
1156 864 1255 954 (ilust.
1274 893 1302 948 p.
1323 875 1398 946 396,
1419 911 1421 916 -
1528 941 1529 950 ,

224 959 280 1046 33)
311 963 457 1024 Zenobius
486 963 625 1024 Photiue:
660 963 768 1024 Zenob.
791 962 835 1021 VI
859 965 900 1023 18
932 958 1079 1023 Τιθωνοῦ
1107 962 1220 1037 γῆρας·
1252 956 1305 1020 ἐπὶ
1332 960 1399 1022 τιῦν

149 1053 151 1056 ’
223 1048 449 1128 πολυχρονίων
467 1048 519 1112 καὶ
538 1047 729 1127 ὑπεργήρων
751 1046 903 1112 τάςεεται.
939 1046 1108 1125 ίςτορεῖται
1127 1046 1162 1111 ot
1182 1045 1231 1110 ὅτι
1255 1045 1400 1111 Τιθωνὸς

223 1135 296 1203 κατ’
323 1136 421 1216 εὐχὴν
448 1137 486 1208 Ιτὸ
509 1141 608 1216 γῆρας
632 1134 831 1215 ἀποθέμενος
854 1136 954 1202 τέττιξ
983 1136 1126 1214 ἐγένετο,
1155 1133 1199 1199 ὥς
1223 1155 1298 1214 φηςι
1323 1136 1399 1201 Κλέ-

224 1247 325 1307 αρχος
338 1226 374 1290 ἐν
388 1230 434 1310 τῷ
449 1226 522 1304 περὶ
537 1225 625 1304 βίων.
652 1229 737 1290 Phot.
752 1221 782 1309 (e
797 1229 945 1289 Pausania
958 1229 990 1288 ni
1004 1223 1106 1310 fallor)
1121 1223 1266 1288 Τιθωνοῦ
1285 1229 1400 1303 γῆρας·

224 1317 276 1382 ἐπὶ
299 1319 367 1379 τῶν
390 1313 615 1393 πολυχρονίων
634 1315 685 1378 καὶ
704 1314 895 1392 ὑπεργήρων
918 1312 1069 1378 τάςςεται.
1106 1313 1275 1392 ἱετορεῑται
1294 1313 1329 1376 δὲ
1349 1312 1400 1377 ὅτι

224 1405 368 1471 Τιθωνὸς
386 1403 533 1486 ἐπιθυμίᾳ
552 1404 666 1467 τοῦτὸ
686 1408 785 1482 γῆρας
804 1403 988 1468 έκὸύςαςθαι
1008 1402 1052 1467 εἰς
1070 1404 1196 1478 τέττιγα
1217 1403 1401 1482 μετέβαλεν.

270 1532 277 1542 ·
314 1493 586 1571 παρεξηυλημένοι
605 1497 702 1556 iocose
719 1515 805 1557 senes
821 1495 960 1556 dicuntur
975 1497 1013 1555 ab
1027 1496 1230 1572 Aristophane
1244 1495 1318 1556 Ach.
1336 1498 1398 1556 681

224 1581 277 1666 (cf.
299 1588 436 1646 nostrum
460 1579 529 1644 ‘aus
548 1586 616 1645 dem
641 1587 752 1645 letzten
770 1585 869 1646 Loche
892 1576 1044 1665 pfcifen').
1081 1580 1163 1659 ὅπερ
1183 1579 1279 1663 ἐςτίν,
1302 1585 1402 1661 inquit

226 1675 386 1736 Suetonius
405 1694 451 1750 ap.
470 1675 558 1733 Eust.
576 1695 605 1750 p.
622 1676 716 1748 1330,
738 1677 786 1748 12,
806 1669 870 1735 ὑπὸ
888 1671 995 1749 γήρως
1014 1667 1146 1748 ἀχρεῖοι,
1166 1667 1211 1733 ὡς
1230 1667 1295 1733 ἀπὸ
1314 1669 1401 1734 ἐκτε-

224 1761 403 1840 τριμμένων
426 1758 609 1835 γλωςςίὸων
628 1759 738 1823 αὐλοῦ.
763 1761 848 1823 ’ἰίουα
872 1782 973 1822 omnes
992 1763 1237 1838 interpretantur,
1269 1763 1402 1838 Hesych.

226 1847 348 1934 (Zenob.
359 1853 386 1910 V
398 1844 454 1933 65)
464 1849 756 1927 παρεξηυλημένας·
771 1847 834 1912 ὑπὸ
845 1849 951 1926 γήρως
960 1848 1018 1912 τὸν
1029 1851 1107 1912 νοῦν
1119 1848 1403 1925 παρεξηυλημένον

226 1939 321 2018 ἔχων,
339 1936 491 2016 ἀμυδρὸν.
528 1938 750 2017 μετενήνεκται
768 1936 804 2000 δὲ
824 1935 889 2000 ἀπὸ
907 1940 974 2000 τῶν
992 1937 1176 2014 γλωςςίὸων
1194 1939 1260 2000 τῶν
1278 1935 1314 2001 έν
1333 1941 1404 2001 τοῖς

226 2028 352 2092 αὐλοῖς·
376 2026 407 2090 οἱ
427 2025 489 2105 γὰρ
508 2026 786 2105 κατατετριμμένοι
805 2025 990 2104 ἐξηυλῆςθαι
1015 2027 1172 2101 λέγονται.
1210 2029 1297 2106 Phot.
1321 2046 1402 2104 παρ-

227 2117 440 2196 εξηυλημένον
455 2115 506 2179 καὶ
520 2116 819 2194 κατατετριμμένον·
834 2115 872 2178 τὸ
887 2112 1041 2193 ἀμυδρόν·
1059 2113 1124 2179 ἀπὸ
1138 2117 1204 2178 τῶν
1219 2113 1404 2190 γλωςςίὸων

226 2210 292 2270 τῶν
316 2205 425 2269 αὐλῶν
449 2205 751 2284 κατατετριμμένων.
790 2202 1031 2283 Ἀριςτοφάνης·
1060 2201 1173 2268 ὀὐδὲν
1199 2201 1296 2267 ὄντας
1320 2201 1405 2267 ἀλλὰ

227 2295 359 2374 κωφοὺς
377 2293 429 2357 καὶ
446 2291 771 2372 παρεξηυλημένους’.
808 2298 899 2358 schol.
919 2298 970 2358 Ar.
989 2297 1062 2358 Ach.
1079 2299 1140 2357 681
1163 2293 1198 2356 ἐκ
1217 2296 1404 2372 μεταφορᾶς

228 2387 295 2448 τῶν
313 2384 460 2447 παλαιῶν
478 2381 589 2446 αὐλῶν
608 2383 658 2446 καὶ
677 2380 825 2461 ἀχρείων.
861 2381 975 2460 κυρίως
998 2382 1060 2461 γὰρ
1079 2384 1332 2461 παρεξηυλῆςθαι
1351 2383 1403 2447 λε’-

231 2492 343 2550 γονται
363 2470 456 2535 αὐλοὶ
474 2469 505 2535 αἱ
524 2470 580 2535 τὰς
599 2471 773 2548 γλωςςίὸας
792 2471 1021 2550 ὸιερρηγμένοι.

317 2561 509 2639 τυφογέρων
524 2559 726 2642 (τυφώὸηςθ)
745 2559 929 2639 τυφεὸανὸς
943 2565 1089 2625 vocabula
1103 2564 1213 2640 duplici
1226 2564 1405 2640 interpreta-

228 2655 309 2714 tione
332 2654 474 2714 instruxit
497 2651 656 2713 Suetonius
680 2647 752 2733 (M):
777 2647 843 2713 ἀπὸ
865 2653 923 2713 τοῦ
946 2652 1015 2714 δεῖν
1038 2650 1098 2728 ἤὸη
1124 2647 1316 2728 τύφεςθαιὸ
1341 2649 1405 2713 ἐςτι

228 2739 368 2804 καίεςθαι
390 2740 409 2817 ἢ
433 2737 487 2802 ὸιὰ
508 2738 546 2801 τὸ
568 2741 769 2818 τετυφῶςθαι
791 2739 952 2803 τουτέςτιν
971 2738 1105 2818 ἐπῆρθαι
1130 2737 1187 2802 τὰς
1206 2739 1328 2818 φρένας
1352 2737 1406 2802 ὸιὸι

229 2826 441 2906 πολυπειρίαν
464 2824 505 2912 (ν.
525 2849 588 2906 sup.
606 2852 635 2908 p.
656 2828 742 2908 338).
780 2831 908 2891 concinit
926 2830 1039 2908 Phryu.
1057 2831 1151 2892 Βαλίε.
1180 2833 1235 2906 66,
1260 2833 1279 2890 4
1303 2847 1404 2906 τυφο-

229 2918 347 2995 γέρων·
361 2917 437 2979 τοὺς
451 2914 503 2979 διὸ
516 2920 616 2998 γῆρας
630 2917 877 2996 τετυφωμένους
892 2916 942 2980 καὶ
957 2917 1230 2995 έπικεκαυμένους,
1246 2920 1272 2980 si
1284 2939 1338 2996 pro
1353 2916 1406 2979 καὶ

228 3009 341 3087 legitur
363 3006 396 3085 ἤι
422 3009 497 3068 falsa
519 3010 615 3069 forma
634 3005 899 3084 ἐπικεκαυμένους
923 3010 1034 3071 indocti
1060 3009 1264 3085 epitomatoris
1283 3029 1404 3068 manum

231 3099 426 3159 demonstrat.
462 3099 553 3157 ceteri
580 3099 666 3158 modo
690 3099 765 3158 hano
790 3098 877 3158 modo
905 3099 988 3158 illam
1014 3098 1240 3175 explicationem
1268 3099 1405 3158 trudunt:

231 3188 321 3247 schol.
351 3187 403 3246 Ar.
433 3185 511 3246 Nub.
536 3189 599 3248 908
628 3178 861 3268 (τυφογέρων)
890 3182 1112 3262 ἐςχατὸγηρως
1140 3184 1158 3262 ἢ
1187 3182 1407 3263 ὑπερήφανος.

230 3277 320 3338 εολολ.
346 3277 396 3336 Ar.
419 3275 489 3351 Lys.
510 3277 588 3336 335:
611 3273 858 3351 τετυφωμένου(
881 3273 1044 3351 γέροντας.
1083 3276 1171 3336 schol.
1193 3276 1284 3352 Vesp.
1306 3278 1406 3336 1364:

231 3359 455 3446 (τυφεὸανόε)
475 3360 545 3424 ἐπεὶ
563 3363 806 3440 τυφογέροντας
826 3361 951 3426 εἰώθαςι
971 3363 1077 3438 λέγειν
1091 3361 1166 3425 τοὺς
1181 3364 1405 3441 παραληροῦν-

230 3471 287 3515 τας
301 3451 353 3514 καὶ
367 3448 474 3516 ἀξίους
487 3449 650 3530 τετύφθαι.
665 3455 795 3531 Hesych.
805 3449 999 3530 τυφεὸανός·
1014 3451 1249 3529 τετυφωμένος.
1264 3447 1406 3534 Phol.¹⁵²)

231 3538 426 3619 τυφεὸανός·
455 3540 681 3618 τετυφωμένος
700 3540 751 3603 καὶ
769 3537 914 3619 ἀςθενής,
939 3538 1010 3604 οἷον
1029 3533 1214 3619 καπνὸςῑῧὸ)

319 3632 354 3690 In
377 3632 556 3691 illustrando
581 3625 726 3707 ἀλάςτωρ
750 3632 881 3694 convicio
905 3627 949 3693 εἰς
973 3628 1148 3707 πονηροῦε,
1172 3632 1291 3708 dequo
1315 3651 1407 3708 supra

231 3722 460 3781 memoravimus
479 3713 521 3801 (p.
533 3714 626 3803 335),
645 3721 771 3780 eumdem
791 3721 886 3782 secuti
904 3725 974 3781 sunt
994 3725 1147 3782 auctorem
1166 3720 1327 3803 Suetonius
1346 3713 1407 3802 (Μ)

233 3814 264 3870 et
291 3810 317 3870 is
345 3829 433 3886 quem
461 3809 663 3870 adhibuerunt
690 3810 815 3870 Photius
841 3804 903 3892 (lla
926 3812 988 3888 λίς.
1012 3812 1068 3888 57,
1093 3800 1149 3892 25)
1175 3811 1260 3870 sust
1283 3830 1312 3886 p.
1332 3812 1406 3884 474,

307 3944 352 4008 ¹⁵²)
375 3942 398 3995 E
422 3944 529 3999 duobus
552 3944 676 4000 tribusve
698 3945 823 4000 fontibus
845 3962 930 3999 unam
952 3945 1075 4015 glossam
1099 3944 1257 4014 composuit
1280 3943 1325 3999 Et.
1349 3944 1406 4013 Mg.

233 4022 293 4083 772,
313 4021 346 4070 63
365 4017 534 4082 τυφεὸανὸς·
553 4019 752 4085 τετυφωμένος
770 4020 815 4071 καὶ
834 4018 961 4084 ἀςθενής,
981 4016 1043 4070 οἷον
1061 4018 1165 4071 καπνός
1183 4017 1228 4084 (=
1247 4014 1341 4084 Phot.)
1357 4056 1362 4067 .
1379 4056 1407 4070 ..

233 4087 405 4157 (exciderunt
422 4086 572 4156 quaedem)
595 4089 678 4156 τύφω
702 4090 756 4155 γὰρ
778 4089 812 4142 τὸ
832 4088 915 4154 καίω,
934 4090 979 4142 καί
998 4089 1155 4155 τυφεὸανὸς
1174 4089 1190 4140 ὸ
1209 4087 1315 4154 ἡλικίαν
1335 4088 1407 4153 ἔχων

231 4163 283 4212 τοί)
301 4159 436 4226 τῦφεςθοι
453 4159 579 4213 τουτέςτι
597 4161 651 4226 πρὸ
670 4166 728 4214 τῶν
747 4160 982 4226 ἀποθνηςκὸντων
1000 4160 1067 4228 (πρὸ
1085 4164 1137 4213 τοθ
1156 4160 1337 4226 ἀποθνήςκειν
1352 4158 1408 4211 καί·

232 4232 345 4298 εςθαιλ).
377 4231 422 4283 καὶ
445 4231 612 4298 τυφογέρων
636 4233 652 4284 ὸ
676 4231 775 4284 διὰτὸ
798 4235 886 4298 γῆρας
909 4231 1107 4298 τετυφωμένος
1129 4232 1174 4284 καὶ
1198 4230 1409 4295 ἐπικεκαυμένος

233 4302 278 4368 (ε
297 4298 419 4369 Phryn.).
440 4332 473 4340 -
496 4300 541 4370 ιο’)
562 4298 603 4354 of.
620 4302 732 4356 Pessow
752 4319 773 4356 s.
788 4319 813 4357 ν.
833 4301 1013 4368 τυφογέρωνε
1035 4301 1096 4356 ‘ein
1110 4299 1272 4355 kindischer
1290 4300 1407 4370 geistes·

233 4371 393 4427 schwacher
416 4370 508 4439 Alter,
532 4373 632 4426 desseu
655 4371 795 4428 Verstand
818 4373 847 4426 in
868 4371 965 4428 Rouoh
988 4373 1045 4428 und
1069 4372 1161 4428 Duust
1185 4370 1296 4444 gehfillt
1319 4371 1408 4427 durch

232 4442 321 4501 hahes
340 4443 420 4501 Alter
438 4443 605 4502 verdunlrelt
622 4442 680 4503 ist’.
