3102 5158
224 271 291 338 374
319 273 447 346 Leopold
467 259 557 329 Cohn:
577 271 618 329 Do
633 271 717 330 Arist.
733 273 797 345 Byr.
812 271 842 330 et
856 271 932 330 Suet.
952 271 1116 343 Tranquillo
1135 269 1212 330 Enet.
1231 271 1426 330 auctoribus.

172 516 175 524 ,
229 441 349 504 λέξεων
363 444 400 504 ad
415 444 605 521 Byzantinos,
625 444 694 503 hinc
708 445 745 504 ad
760 461 814 502 nos
829 446 995 519 propagata
1009 441 1077 504 esti
1101 442 1144 504 sic
1158 443 1237 503 enim
1253 442 1425 503 existimo:

226 533 396 612 Suetonius,
415 553 482 594 cum
496 535 527 592 in
544 534 635 593 P-rato
655 553 709 593 suo
728 534 813 593 varia
827 534 994 610 glossarum
1012 536 1043 592 et
1061 533 1276 600 vocabulorum
1292 549 1426 610 genera

223 626 383 699 tractaret,
406 639 531 700 graecas
555 623 700 698 quasdam
722 623 758 682 de
783 624 837 682 hoc
857 621 1031 682 eruditionis
1055 623 1120 682 loco
1138 623 1425 682 commentationes

224 706 314 792 (quas
334 712 427 771 latine
446 712 583 772 imitatus
602 707 663 792 est)
688 730 704 771 e
723 729 830 788 graeco
854 711 937 771 fonte
956 712 1136 788 compositas
1155 711 1277 784 adiecit,
1302 712 1337 770 in
1368 709 1424 768 his

224 802 505 861 commentationem
519 797 593 876 περὶ
610 799 816 876 βλαιφημιῶν
830 803 861 860 et
875 801 975 876 capita
988 801 1135 876 quaedam
1151 797 1271 861 λέξεων
1285 800 1421 860 Aristo·

224 890 330 966 phanis
358 889 561 968 grammatioi;
588 891 661 950 item
684 889 831 950 Ludicrae
854 889 1020 965 Historiae,
1049 891 1128 966 quod
1155 908 1230 966 opus
1259 893 1424 966 quattuor

224 979 372 1038 librorum
391 979 449 1038 fuit
464 973 606 1060 (quorum
621 980 679 1039 duo
695 980 732 1039 ad
747 977 877 1040 Graecos
892 979 951 1038 duo
966 980 1003 1038 ad
1019 979 1168 1039 Romanos
1186 971 1423 1058 pertinebant),

224 1087 301 1127 nnus
320 1069 397 1128 liber
421 1069 480 1128 fnit
498 1065 570 1141 ueni
588 1066 655 1128 τῶν
674 1062 753 1143 παρ’
771 1063 898 1141 “elane
916 1066 1053 1128 παιδιῶν
1076 1088 1092 1127 e
1116 1086 1223 1144 graeco
1246 1069 1330 1127 fonte
1360 1066 1422 1126 de-

224 1161 390 1244 promptus.
428 1177 487 1234 quo
512 1158 704 1232 factumest,
727 1160 763 1216 ut
780 1158 869 1218 homo
892 1157 944 1216 ille
963 1157 1160 1234 Byzantinus,
1184 1176 1250 1218 cum
1276 1156 1421 1216 cPrato

225 1246 407 1308 Suetouiano
427 1249 568 1322 excerpta
586 1239 657 1306 libri
675 1242 747 1321 περὶ
768 1245 973 1322 βλαεφημιῶν
992 1247 1114 1320 faceret,
1133 1246 1243 1322 quibus
1262 1249 1420 1321 excerpta

225 1336 364 1396 elibello
388 1332 461 1410 περὶ
484 1335 550 1396 τῶν
570 1329 649 1410 παρ’
670 1331 798 1410 Ἕλληιι
821 1333 958 1396 παιδιῶν
981 1335 1168 1410 adnecteret,
1192 1336 1282 1395 simul
1305 1334 1419 1412 nepita

224 1424 279 1483 illa
298 1421 419 1485 λέξεων
439 1425 729 1500 Aristophanearum
748 1443 767 1483 a
785 1424 928 1485 Suetonio
947 1425 978 1484 in
997 1425 1121 1484 Pratum
1141 1443 1230 1483 surim
1248 1443 1316 1484 cum
1337 1423 1417 1482 Ari-

226 1513 382 1589 stophanis
401 1514 520 1574 nomine
539 1515 738 1596 transscripta
752 1516 932 1590 excerperet.
966 1514 1008 1572 sic
1026 1515 1119 1573 etiam
1137 1513 1212 1573 illud
1228 1513 1415 1589 explicatur,

106 1622 109 1628 ·
199 1603 304 1679 ,quod
328 1603 474 1679 excerptis
497 1603 557 1662 illis
581 1602 755 1679 Byzantinis
779 1603 878 1679 capita
896 1601 1118 1678 Aristophanen
1141 1598 1214 1676 περὶ
1236 1601 1303 1662 τῶν
1322 1597 1412 1661 ὑπο·
1524 1611 1525 1652 l

226 1688 436 1766 πτευομένων
460 1689 501 1767 μὴ
526 1687 666 1767 εἰρῆεθαι
688 1691 757 1752 soit
780 1691 941 1766 columis,
969 1687 1042 1766 περὶ
1065 1686 1236 1766 ὀνομαιίαι
1261 1686 1411 1765 ἡλικιῶν,
1524 1687 1525 1696 ’

176 1851 179 1856 ,
226 1777 299 1855 περὶ
318 1779 512 1853 ειιγγενικῶν
531 1775 713 1856 ὀνομάτων,
733 1778 806 1855 περὶ
824 1778 1085 1856 προιφωνήεεων
1104 1783 1277 1854 servantur,
1302 1777 1411 1841 λέξεις

225 1890 296 1931 uero
316 1863 451 1930 Ἀττικαί
475 1873 506 1928 et
524 1866 701 1931 Λακωνικαὶ
718 1869 855 1943 γλῶααι
871 1863 933 1929 'non
955 1871 1126 1930 traduntur.
1162 1887 1269 1945 nempe
1293 1868 1407 1928 Sueto-

226 1961 293 2018 nius
314 1977 349 2018 ea
367 1962 501 2039 tantum,
521 1978 600 2035 quae
618 1959 712 2019 latino
731 1977 868 2019 sermone
890 1959 1027 2018 imitatus
1047 1962 1106 2036 est,
1129 1959 1159 2017 in
1184 1957 1296 2016 librum
1315 1977 1408 2017 suum

226 2049 396 2126 transtulit,
413 2041 554 2109 Ἀττικὰ(
578 2046 678 2109 λέξει(
702 2052 733 2108 et
751 2044 934 2109 Λακωνικὰ(
952 2043 1108 2122 rieberer,
1131 2066 1206 2124 quas
1226 2048 1318 2107 latine
1337 2048 1410 2106 imi·
1525 2081 1526 2090 ι

226 2138 318 2198 tando
333 2137 499 2213 exprimere
518 2156 577 2197 non
594 2140 705 2217 posset,
724 2137 844 2197 omnino
862 2137 1072 2214 praetermisit.
1099 2137 1198 2212 ipsum
1212 2141 1313 2195 autem
1334 2135 1406 2194 Ari-

227 2228 382 2302 stophanis
401 2224 521 2287 λέξεων
539 2227 648 2286 librum
664 2226 823 2286 Suetonius
838 2245 897 2285 non
915 2227 1035 2286 ridetur
1053 2225 1172 2298 adiisse,
1191 2225 1252 2284 sod.
1263 2229 1298 2284 ut
1316 2225 1406 2284 libel-

226 2318 272 2375 los
292 2312 365 2390 περὶ
385 2313 592 2390 βλαεφημιῶν
611 2312 732 2389 strepi
751 2314 888 2375 παιδιῶν
907 2315 1086 2391 ePamphili
1105 2314 1198 2374 lexico
1216 2313 1406 2390 amplissimo

226 2404 407 2481 compilavit,
426 2406 470 2466 ita
488 2424 525 2464 ex
539 2405 642 2464 eodem
662 2405 761 2480 capita
777 2405 832 2463 illa
849 2405 1069 2480 Aristophanes
1086 2399 1305 2479 transscripsit:
1325 2422 1405 2479 qnae

224 2495 257 2553 in
277 2495 428 2572 Pamphili
451 2494 565 2554 lexicon
582 2494 727 2554 transisse
750 2496 841 2570 atque
860 2493 929 2553 hinc
948 2494 1086 2554 omnibus
1104 2493 1167 2552 fere
1185 2493 1404 2568 posterioribus

227 2583 433 2660 grammaticis
452 2584 572 2660 cognita
590 2584 683 2642 fnisse
702 2601 794 2659 supra
812 2583 900 2643 fidem
918 2583 1017 2642 facere
1037 2580 1214 2642 studuimus.

316 2673 410 2732 Haeo·
422 2673 514 2731 habui
538 2690 613 2748 quae
637 2673 673 2731 de
691 2672 894 2748 Aristophane
912 2672 1108 2748 grammatico
1127 2673 1159 2731 et
1177 2670 1320 2730 Suetonio
1340 2670 1400 2729 En-

227 2762 322 2821 stathi
341 2762 514 2822 auctoribus
534 2761 671 2821 dicerem.
704 2781 767 2821 rem
786 2762 970 2838 propositam
989 2779 1076 2836 spero
1095 2779 1164 2819 mox
1181 2778 1229 2818 ms
1248 2761 1400 2819 continua-

226 2854 330 2911 turum
349 2869 384 2910 ao
402 2855 518 2910 ceteros
535 2851 673 2926 deinceps
688 2850 832 2910 Eustathi
850 2852 948 2910 fontes
963 2851 1172 2910 tractaturum.
1205 2852 1275 2924 opto
1291 2851 1403 2928 autem,

226 2943 262 3000 ut
285 2958 362 3016 qnae
385 2940 441 2999 hoo
464 2942 529 3001 loco
552 2940 705 3015 disputavi
727 2941 862 3016 inprimis
881 2957 1025 3000 aususro
1045 2956 1184 3000 unucnro
1207 2941 1238 2998 et
1256 2954 1402 2998 nucusro

226 3047 509 3089 nmarnnsosmmo
533 3030 720 3105 praeceptori
745 3028 782 3088 de
800 3049 848 3088 me
867 3029 979 3104 optime
997 3029 1118 3102 merito,
1142 3046 1201 3104 quo
1225 3030 1347 3086 auctore
1371 3031 1404 3086 et

227 3118 363 3178 adiutore
381 3138 429 3178 me
451 3120 482 3178 in
505 3118 552 3177 his
577 3118 685 3177 studiis
704 3119 817 3178 versari
835 3117 1008 3194 gratissimo
1032 3117 1131 3176 animo
1153 3117 1309 3192 profiteor,
1333 3135 1403 3192 pro-

227 3209 336 3267 bentur
355 3211 447 3284 atque
465 3211 500 3267 ut
523 3207 592 3267 huic
610 3208 745 3283 quamvis
769 3208 908 3284 exiguam
933 3208 1038 3266 utilem
1057 3210 1159 3265 tamen
1178 3206 1344 3282 symbolam
1364 3207 1404 3265 ad

226 3315 335 3358 novam
354 3297 476 3358 Suetoni
499 3297 694 3374 reliquiarum
713 3296 887 3374 editionem,
910 3316 1000 3373 quam
1024 3315 1092 3356 eum
1115 3314 1223 3372 parare
1242 3294 1315 3373 scio,
1335 3314 1405 3355 con-

227 3387 305 3447 ferre
323 3387 490 3454 urantur

1518 2474 1524 2509 ,

1525 2555 1528 2734 l
