3102 5158
146 279 187 338 De
202 277 390 351 Aristophane
408 277 542 352 Byzantio
557 279 586 335 ot
600 277 732 336 Suetonio
751 276 915 350 Tranquillo
924 277 1054 335 Eustathi
1068 277 1235 336 auctoribus.
1255 276 1319 343 331

149 446 231 524 μνία.
268 471 297 527 p.
319 452 412 527 1625,
435 453 475 510 13
495 445 526 510 ct
545 445 580 509 δὲ
600 445 731 511 παλαιοὶ
750 445 808 511 τὸν
827 448 976 512 τοιοῦτον
995 445 1112 526 ταρςὸν
1131 445 1181 512 καὶ
1200 445 1320 525 ταρρὸν

146 537 307 614 λέγουςιν,
327 535 358 599 οἱ
378 533 449 615 μεθ’
467 535 611 615 Ὅμηρον
630 537 765 616 δηλαδή,
793 537 828 600 ἐν
852 534 900 600 οἷς
919 536 970 600 καὶ
989 535 1007 598 ὁ
1027 536 1176 616 κωμικός,
1201 535 1236 599 οἳ
1260 534 1320 599 καί

145 645 276 704 φαςιν,
302 624 350 688 ὅτι
373 625 491 704 ταρρὸς
514 625 552 688 τὸ
570 629 789 704 τυροκομεῑον.
809 662 851 670 -
871 630 931 687 iam
955 631 1110 705 quaeritur
1132 630 1210 690 unde
1228 629 1322 690 verba

145 712 239 778 ἄλλοι
254 716 289 778 δὲ
304 716 368 778 κτλ.
381 719 516 777 hauserit
524 719 712 778 Eustathius.
736 722 783 778 est
793 719 937 794 quaedam
950 719 1115 779 similitudo
1124 720 1203 779 inter
1211 719 1320 778 Eusta-

145 807 244 866 thium
267 810 298 866 et
321 807 461 868 Photium
485 799 522 888 (s.
542 828 568 869 v.
593 801 731 889 μιςήτη),
761 807 814 867 sed
836 807 932 884 magis
961 809 1120 869 concinunt
1142 808 1267 868 Photius
1291 811 1322 866 et

145 895 327 972 Hesychius:

190 1002 275 1061 Phot.
302 993 463 1085 (Suid.)⁹⁸)
492 999 613 1078 μιςήτη·
641 1001 700 1078 τὴν
728 1004 893 1078 καταφερῆ
921 1001 1050 1080 μιςήτην
1091 1005 1221 1081 Hesych.
1234 1000 1318 1080 μιςή-

146 1085 271 1166 ἔλεγον,
287 1087 340 1171 (οὐ
355 1087 443 1167 παρὰ
456 1088 494 1150 τὸ
509 1091 597 1166 μϊςος
612 1085 695 1152 ἀλλὰ
709 1088 797 1168 παρὰ
810 1089 848 1152 τὸ
863 1085 1050 1176 μίςγεςθαι)·
1078 1091 1319 1168 την·τὴνκατα-

60 1224 63 1229 -
144 1177 182 1238 τὸ
207 1173 268 1254 γὰρ
293 1181 381 1255 μῖςος
406 1177 491 1259 [οὐκ]
516 1174 639 1241 ἄποθέν
658 1177 721 1241 ἐςτι
744 1181 802 1241 τοῦ
826 1177 1049 1256 μιαίνεςθαι·ὃ
1078 1183 1162 1257 φερῆ
1193 1180 1320 1254 λέγουςι

144 1265 206 1343 γὰρ
232 1271 375 1345 μιςεῑται,
399 1265 580 1345 μεμόνιιιται
608 1267 658 1330 καὶ
681 1265 790 1345 ἀμιγές
819 1267 915 1330 ἐςτιν·
944 1265 1049 1352 (ἀλλ’)
1078 1270 1221 1347 μιςήτην·
1254 1265 1317 1346 ‘pi-

146 1353 246 1418 οἱονεὶ
265 1357 418 1434 μιςγητήν
441 1353 511 1418 Ιτινα
531 1354 641 1433 οὖςαν,
666 1355 755 1419 ὃκαὶ
776 1357 909 1435 βέλτιον.
943 1358 993 1420 καὶ
1011 1357 1049 1419 τὸ
1079 1357 1321 1434 ςηταιδὲγνναῑ·

145 1443 182 1505 ἐν
201 1443 372 1522 παροιμία(
391 1445 426 1507 δὲ
445 1445 530 1522 μέρει
550 1443 728 1521 λεγόμενον
749 1443 832 1523 περὶ
848 1446 970 1524 ςφυρὸν
989 1466 1049 1509 πα·
1078 1465 1130 1509 κες
1171 1444 1320 1525 ὀλὶςβοιςι

52 1607 55 1613 ,
145 1535 218 1609 χεῖα
237 1535 345 1611 μιςήτη
364 1535 444 1612 γονή
459 1531 573 1596 ’κατά
591 1553 619 1596 τι
638 1537 767 1598 τοιοῦτο
792 1533 929 1613 εἰρῆςθαι
953 1537 1049 1598 δοκεῖ.
1101 1532 1291 1614 χρήςονται’.

142 1619 229 1683 καὶὸ
250 1620 402 1699 Κρατῖνός
421 1642 484 1685 που
504 1619 596 1686 τοῦτ>
614 1621 678 1701 ἔφη
698 1620 832 1701 ‘nicatur
850 1624 886 1686 δὲ
902 1627 1050 1699 γυναῖκες
1078 1624 1135 1689 τὸν
1154 1624 1190 1687 δὲ
1205 1622 1317 1688 ἁπλῶς

145 1708 293 1789 ὀλίςβοιςι
318 1709 503 1790 χρήςονται’
528 1711 890 1794 (Mein.Ocm.11202).
928 1713 986 1777 τὸν
1015 1713 1050 1775 δὲ
1079 1713 1208 1791 μιςητόν
1259 1713 1319 1776 τὸν

144 1797 255 1861 ἁπλῶς
287 1801 415 1878 μιςητὸν
442 1801 501 1863 τὸν
531 1798 683 1864 ἀνίκανον
712 1801 798 1877 λέγει
822 1801 982 1881 [λέγουςιν
1007 1799 1051 1882 f.].
1078 1799 1240 1865 ἀνίκανον.
1299 1803 1319 1880 ἢ

146 1891 367 1966 μεταφορικῶς
391 1890 427 1952 δὲ
456 1889 506 1952 καὶ
534 1889 587 1966 ἐπζι
615 1893 670 1968 τῆς
694 1888 863 1970 ἀπλήςτου>
884 1890 964 1954 κατὰ
992 1892 1050 1969 τὴν
1078 1888 1241 1969 ἄπληςτον
1280 1896 1319 1974 τῇ

144 1979 270 2056 τροφὴν
288 1977 307 2054 ἡ
328 1979 410 2043 λε’Ξιε
428 1977 556 2046 τίθεται,
1078 1985 1193 2064 τροφῇ.

147 2086 273 2148 Photius
301 2092 332 2148 et
350 2089 519 2166 Hesychius
544 2090 607 2150 sinc
631 2090 720 2150 dubio
745 2093 782 2150 ab
806 2089 910 2150 eodem
933 2093 1055 2151 auctore
1081 2092 1226 2167 pendent,
1254 2092 1318 2152 sive

145 2176 271 2236 Photius
291 2177 354 2254 ipse
368 2178 585 2255 Diogeniannm
600 2180 757 2255 exscripsit
775 2177 943 2240 accuratius
963 2199 1052 2256 quam
1067 2179 1237 2257 Hesychius
1257 2181 1319 2240 sive
1335 2229 1337 2233 ,

144 2265 349 2342 Diogenianus
369 2271 399 2327 et
417 2267 506 2327 Photi
525 2271 629 2328 auctor
643 2287 680 2328 ex
694 2270 799 2329 eodem
817 2270 899 2329 fonte
919 2269 1095 2329 hauserunt.
1125 2269 1319 2329 Eustathium

29 2385 33 2393 ¹
144 2374 215 2414 vero
235 2354 365 2415 indidem
386 2376 440 2416 sua
460 2358 570 2416 habere
585 2377 619 2416 ac
633 2357 782 2433 Photium,
802 2359 963 2418 concedere
981 2379 1040 2419 non
1058 2378 1181 2434 possum
1199 2358 1319 2417 Nahero

144 2443 232 2502 nimis
251 2445 394 2505 audacter
413 2446 575 2505 affirmanti
595 2441 726 2526 (Proleg.
745 2468 775 2523 p.
796 2439 866 2529 77):
891 2441 990 2507 ‘vides
1014 2447 1209 2507 Eustathium
1233 2447 1318 2522 sequi

145 2533 272 2591 eundem
296 2537 386 2610 atque
404 2534 559 2609 Photium,
583 2555 671 2610 quem
694 2536 781 2604 facile
809 2535 1007 2612 intelligimus
1032 2555 1098 2596 esse
1121 2529 1319 2612 Dionysium’.

145 2621 316 2699 discrepant
335 2623 413 2682 enim
427 2623 552 2683 Photius
572 2628 602 2684 et
620 2625 799 2684 Eustathius
819 2625 913 2684 hisce:
938 2625 1078 2684 aPhotio
1097 2643 1156 2683 non
1175 2625 1317 2683 laudatur
1356 2695 1359 2704 Ι

146 2709 270 2788 Sophro‚
287 2731 348 2771 non
361 2715 484 2771 notatur
498 2713 658 2772 discrimen
671 2714 885 2774 vocabulorum
904 2712 1012 2789 μιςητή
1029 2717 1060 2774 et
1073 2711 1191 2789 μιςήτη,
1210 2713 1320 2773 Eusta-

146 2801 226 2858 thius
250 2802 371 2877 ignorat
392 2805 615 2861 monstruosum
637 2802 713 2862 illud
736 2803 936 2878 veriloquium
958 2803 1039 2863 vocis
1063 2801 1171 2878 μιεήτη
1195 2803 1318 2880 eiusque

144 2889 271 2948 alteram
286 2890 534 2966 significationem
550 2883 752 2972 (ἄπληςτος),
771 2891 847 2951 nihil
861 2890 934 2950 dicit
947 2891 984 2950 de
999 2887 1134 2966 μιςητός.
1157 2892 1318 2953 verborum

145 2975 253 3053 μιςήτη
274 2982 304 3038 et
323 2978 431 3055 μιςητή
456 2981 655 3040 differentiam
678 2980 848 3040 observavit
867 2981 988 3056 Trypho
1008 3000 1055 3057 ap.
1074 2980 1212 3040 Ammon.
1231 3001 1260 3056 p.
1275 2983 1317 3041 94

145 3057 295 3146 (arcuo.
307 3071 381 3142 395,
397 3065 454 3150 23)
474 3067 582 3144 μιςητὴ
603 3065 654 3127 καὶ
673 3069 781 3146 μιςήτη
801 3066 946 3145 διαφέρει
966 3065 1053 3143 παρὰ
1070 3070 1138 3130 τοῖς
1158 3063 1318 3140 Ἀττικοῖς,

144 3149 188 3214 ὥς
210 3171 286 3231 φηςι
310 3153 451 3233 Τρύφων
474 3155 510 3218 ἐν
534 3155 675 3238 δευτέρῳ
699 3155 772 3233 περὶ
796 3153 934 3233 Ἀττικῆς
957 3154 1149 3233 προςαιδίας·
1174 3154 1232 3218 ἐὰν
1261 3155 1318 3232 μὲν

144 3239 205 3318 γὰρ
225 3240 473 3322 ὀξυτονήςωμεν,
494 3242 634 3321 ςημαίνει
657 3245 716 3322 τὴν
735 3243 826 3308 ἀξίαν
845 3243 965 3322 μίςους,
989 3244 1071 3308 καθὰ
1094 3244 1144 3307 καὶ
1168 3243 1258 3322 ἡμεῖς
1282 3243 1318 3307 ἐν

144 3334 182 3411 τῇ
202 3330 349 3413 ςυνηθείᾳ
368 3331 612 3412 προφερόμεθα,
638 3333 750 3397 ἐὰνδὲ
772 3334 1049 3413 βαρυτονήςωμεν,
1073 3334 1132 3412 τὴν
1151 3337 1323 3411 καταφερῆ

145 3419 225 3496 πρὸς
250 3419 426 3483 ςυνουςίαν.
462 3423 521 3499 τὴν
550 3422 585 3484 δὲ
609 3422 862 3501 διαφορὰντῶν
891 3421 1130 3500 ςημαινομένων
1154 3420 1205 3484 καὶ
1230 3419 1318 3499 παρὰ

144 3507 303 3586 Δωριεῦςί
326 3528 403 3587 φαςι
427 3508 640 3589 φνλάττεςθαι
672 3511 723 3574 καὶ
751 3508 831 3589 παρ’
858 3508 948 3575 Ἴωςι.
994 3513 1116 3574 Aelium
1139 3513 1318 3590 Dionysium

145 3600 247 3660 Nabar
271 3603 424 3661 contendit
446 3622 608 3679 usurpasse
632 3604 833 3681 Tryphonem.
871 3601 1009 3680 equidem
1032 3622 1092 3664 non
1115 3602 1217 3678 video,
1240 3603 1317 3662 unde

145 3691 260 3750 eluceat
278 3692 377 3751 locum
395 3691 576 3753 Photianum
599 3693 720 3752 fluxisse
744 3713 760 3752 e
780 3693 950 3770 Tryphone.
987 3693 1186 3752 differentiam
1204 3711 1224 3750 a
1242 3692 1317 3770 Try-

144 3780 241 3852 phone
257 3782 446 3841 observatam
465 3785 586 3858 praeter
599 3781 792 3842 Ammonium
806 3800 884 3840 unus
903 3784 1116 3841 commemorat
1129 3781 1317 3854 Eustathius,

143 3885 205 3925 non
223 3869 365 3928 exhibent
383 3872 474 3931 schol.
489 3872 646 3946 Aristoph.
660 3871 829 3948 Hesychius
844 3871 979 3930 Photius.
1011 3871 1072 3930 iam
1092 3870 1118 3929 si
1131 3871 1316 3948 Hesychium

144 3955 344 4032 Photiumque
368 3961 434 4021 coll.
453 3961 544 4020 schol.
562 3960 615 4020 Ar.
635 3979 653 4019 a
671 3960 801 4037 Didymo
827 3959 882 4020 hoc
906 3961 969 4019 loeo
994 3961 1123 4035 pendere
1148 3962 1317 4032 statuimus,

143 4045 287 4105 Eustathi
305 4049 409 4107 auctor
421 4048 545 4126 Didymi
562 4049 695 4126 glossam
711 4052 741 4108 et
755 4049 925 4126 Tryphonis
945 4049 1185 4109 observationem
1198 4049 1318 4108 videtur

144 4135 296 4196 conflasse.
333 4137 506 4198 testimonia
525 4139 647 4216 Trypho
670 4138 801 4197 indidem
826 4139 945 4197 videtur
969 4138 1078 4197 habere
1101 4155 1136 4197 ac
1154 4137 1316 4214 Didymus:

144 4257 275 4264 μὴ...
294 4259 358 4264 ---

217 4325 252 4394 98)
269 4326 356 4382 Photi
378 4326 472 4380 locum
493 4330 653 4397 corruptum
677 4326 767 4382 edidit
784 4326 891 4395 Nabar,
917 4341 999 4395 quem
1024 4341 1081 4380 non
1104 4325 1208 4380 vidisse
1233 4325 1319 4381 miror

142 4395 408 4527 iiftiii'hvei.8ffida
422 4413 483 4453 essc
497 4397 697 4468 supplendnmr
711 4399 797 4454 verba
812 4398 890 4453 uncis
910 4400 920 4468 (
934 4399 944 4467 )
960 4396 1067 4451 inclusa
1081 4413 1096 4452 e
1112 4397 1199 4451 Suida
1212 4397 1317 4468 addidi,

1046 4557 1103 4614 22*
