3102 5158
152 270 194 329 De
209 269 397 343 Aristophane
411 269 545 342 Byzantio
560 272 589 327 et
603 268 737 328 Suetonio
747 269 910 344 Tranquillo
924 269 1055 328 Eustathi
1068 269 1236 328 auctoribus.
1256 267 1322 336 313

149 462 178 519 p.
193 435 260 524 30),
273 442 384 517 θῆεςα.
416 442 509 503 miror
522 463 576 504 nse
590 442 757 505 Nauckium
776 460 829 504 uec
846 442 1021 504 Freseniurn
1040 441 1197 504 offendisse
1216 441 1247 501 in
1260 440 1321 501 ML

148 534 242 592 verba
261 529 407 608 κηδεεταὶ
425 530 476 593 καὶ
495 527 583 609 πηοί·
603 529 634 594 ol
654 531 861 609 εομπὲνθεροι
881 533 944 593 siue
963 533 1053 594 dubio
1072 535 1220 608 corrupta.
1253 550 1324 590 nam

149 618 358 697 ςυμπένθεροι
373 626 451 699 sunt,
466 623 518 700 qui
531 642 590 683 uno
605 624 769 700 eodemque
783 641 884 684 socero
898 625 1032 683 utuntur.
1055 640 1159 683 vocem
1173 618 1323 696 κηδεςτής

83 732 87 742 ·
148 710 238 770 aliter
251 712 494 788 interpretantur.
527 713 612 775 Euat.
625 733 653 790 p.
671 716 744 791 779,
758 715 799 773 53
820 705 923 791 (quem
936 713 1035 773 locum
1048 712 1113 772 iure
1126 709 1324 786 Aristophani

148 800 256 859 tribuit
269 793 441 883 Fresenius)
457 797 513 862 εἰςὶ
527 799 572 877 δέ,
587 818 672 877 φαςι,
686 798 832 879 κηδεςταὶ
846 797 876 861 oi
891 797 1158 877 ςυνοικειούμενοι
1171 794 1323 875 ἀλλήλοις

149 883 221 948 κατ’
239 883 423 967 ἐπιγαμίαν,
447 886 479 950 οἵ
502 907 537 951 τε
561 886 705 952 διδόντες
728 887 779 951 καὶ
802 885 833 951 οἱ
856 885 1082 967 λαμβάνοντες.
1120 885 1151 950 οἱ
1175 882 1204 948 δ’
1222 883 1323 964 αὐτοί,

149 993 239 1052 φαςι,
267 975 318 1038 καὶ
345 975 431 1052 πηοί.
467 976 613 1054 κηδεςταί
641 981 734 1059 igitur
761 980 944 1057 generaliter
971 981 1111 1040 dicuutur
1137 978 1243 1038 affines
1272 968 1323 1057 (cf.

148 1067 253 1127 Nauck
271 1088 301 1145 p.
322 1062 410 1143 136).
447 1069 523 1129 duae
542 1071 766 1130 observationes
784 1070 815 1128 in
834 1069 894 1128 ML
914 1070 946 1128 in
959 1088 1050 1129 uuam
1064 1068 1251 1129 coaluerunt:
1271 1084 1322 1125 no-

148 1156 261 1215 minum
280 1153 425 1232 κηδεςταὶ
439 1155 490 1217 καὶ
503 1154 580 1234 πηοί
597 1158 807 1236 interpretatio
822 1159 940 1235 excidit,
958 1159 1051 1218 verba
1065 1153 1096 1218 oi
1115 1153 1324 1231 ςυμπὲνθεροι

148 1246 298 1321 explicant
316 1246 458 1306 omissum
479 1248 657 1308 vocabulum
675 1243 890 1323 ςιιγκηδεςταίῑ
910 1247 953 1307 sic
971 1248 1050 1307 euim
1063 1246 1255 1322 appellantur
1273 1245 1323 1321 qui

149 1352 267 1394 sorores
285 1335 317 1394 in
340 1337 564 1397 matrimonium
582 1338 731 1398 duxerunt
749 1337 768 1399 i
788 1357 813 1396 e.
832 1337 884 1413 qui
903 1337 1029 1395 eundem
1048 1336 1161 1396 habent
1179 1353 1323 1396 socerum.

149 1423 185 1482 cf.
204 1423 311 1483 Pollux
330 1425 377 1483 ΠΙ
397 1427 437 1485 32
463 1421 494 1485 οἱ
517 1421 716 1502 eteoclem
739 1423 899 1502 γήμαντες
922 1420 1119 1501 ὁμόγαμβροι
1143 1422 1163 1499 ἢ
1187 1419 1323 1498 ςύγγαμ-

150 1505 266 1594 βροιίί)
284 1511 304 1588 ἢ
323 1510 375 1573 καὶ
394 1512 517 1589 μᾶλλον
536 1511 748 1592 ςυγκηδεςταί.
768 1547 810 1556 -
829 1515 865 1574 In
883 1515 1065 1574 famulorum
1085 1507 1324 1594 (θεραπόντων)

147 1602 317 1662 nominibus
337 1603 367 1661 in
386 1604 447 1662 ML
467 1609 650 1664 memoratur
673 1600 813 1682 ἐπαίτης.
846 1608 879 1664 at
896 1599 1028 1679 ἐπαίτης
1046 1603 1214 1663 mendicum
1234 1602 1324 1680 signi-

148 1689 226 1750 ficat.
262 1691 318 1751 hoc
341 1692 415 1752 vitio
438 1694 555 1753 nullum
579 1694 772 1771 frequentius.
810 1693 998 1754 scribendum
1028 1694 1075 1752 est
1102 1687 1242 1753 ἑπέτας
1269 1710 1325 1767 pro

148 1774 294 1840 ἐπαίτας;
315 1782 351 1840 cf.
369 1781 454 1842 Eust.
473 1803 501 1858 p.
523 1785 617 1862 1400,
637 1785 678 1843 56
700 1779 767 1861 (qui
785 1783 866 1843 locus
885 1781 984 1842 nescio
1005 1801 1043 1842 an
1060 1781 1256 1857 Aristophani
1274 1781 1326 1840 tri·

147 1870 283 1928 brandus
304 1865 357 1951 sit)
377 1867 454 1946 φαςὶ
473 1869 509 1931 δὲ
529 1866 559 1931 oi
578 1868 709 1933 παλαιοὶ
723 1869 775 1932 καὶ
789 1867 839 1933 ὅτι
853 1866 960 1947 ὥςπερ
975 1864 1153 1946 ἀμφίπολοι
1168 1865 1255 1930 οὕτω
1274 1865 1326 1929 καὶ

149 1953 257 2019 ἑπέται
281 1953 312 2019 οἱ
335 1954 531 2034 θεράποντε(
554 1957 642 2036 παρὰ
664 1957 702 2022 τὸ
726 1953 909 2042 curreret)
942 1993 979 2002 -
1010 1961 1123 2020 Vocem
1151 1954 1325 2034 οἰκότριβες

149 2047 208 2105 ML
224 2047 348 2108 eisdem
376 2050 476 2110 verbis
503 2051 739 2126 interpretantur
762 2051 871 2127 quibus
894 2051 980 2110 Euat.
1004 2069 1032 2126 p.
1054 2051 1157 2125 1327,
1176 2051 1232 2124 22,
1259 2053 1325 2108 tum

148 2139 290 2212 pergunt:
310 2133 341 2197 oi
358 2135 394 2198 δὲ
413 2135 555 2212 τραγικοὶ
574 2133 778 2214 προςπόλους
798 2137 932 2213 λέγοοςι.
961 2136 1012 2199 καὶ
1031 2133 1199 2214 ἀμφότερα
1218 2133 1253 2197 δὲ
1272 2132 1325 2197 ἐπί

148 2241 183 2285 τε
199 2219 345 2301 ἀρρένων
364 2223 415 2287 καὶ
434 2227 580 2302 θηλειῶν.
617 2229 734 2305 etquis
754 2228 856 2302 credat
873 2228 1005 2306 tragicos
1024 2232 1128 2304 poetas
1147 2221 1325 2302 πρόςπολοι

149 2314 259 2374 dixisse
278 2334 332 2391 pro
351 2312 546 2393 otudrprflect
565 2318 701 2378 conferas
720 2337 833 2378 mecum
854 2318 938 2378 Euat.
958 2338 986 2393 p.
1004 2319 1076 2389 394,
1097 2318 1136 2376 31
1158 2311 1190 2376 oi
1208 2313 1244 2375 δὲ
1264 2331 1324 2375 πα-

149 2399 233 2464 λαιοί
252 2420 329 2479 φαςι
347 2402 398 2465 καὶ
416 2400 467 2466 ότι
485 2401 653 2481 πρόπολος
676 2404 735 2483 μὲν
752 2403 804 2466 καὶ
822 2403 875 2467 ἐπὶ
899 2400 1058 2485 ἀρρένων,
1082 2399 1273 2480 ἀμφίπολος,
1289 2401 1324 2463 δὲ

148 2487 199 2553 ἀεὶ
222 2489 274 2554 ἐπὶ
296 2494 469 2569 γυναικῶν·
502 2497 586 2556 Eust.
605 2517 634 2573 p.
654 2497 732 2574 642,
756 2498 798 2556 33
822 2492 841 2572 ἡ
861 2490 1045 2571 ἀμφίπολος
1070 2490 1121 2554 καὶ
1140 2489 1325 2569 πρόςπολος

149 2579 277 2656 λέγεται
296 2579 376 2644 κατὰ
395 2581 432 2644 τὸ
452 2579 663 2660 ‘reportetur
687 2581 773 2646 τινὸς
793 2577 1040 2660 ὑποςτενούςης’
1061 2578 1148 2658 παρὰ
1166 2580 1327 2658 (οφοκλεῖ

150 2662 212 2750 (sl.
233 2665 302 2752 78),
325 2669 364 2732 τὸ
388 2667 514 2734 δ’ἀύτό
537 2670 589 2734 καὶ
611 2669 794 2749 ἀρςενικιῖις,
818 2670 862 2734 ὡς
887 2673 980 2750 δηλοῖ
1003 2668 1091 2748 παρὰ
1114 2673 1161 2752 τῷ
1180 2668 1268 2752 αὐτῷ
1286 2668 1324 2732 τὸ

115 2777 119 2788 ·
149 2753 192 2818 ’ὦ
212 2755 342 2836 φίλτατ’
362 2755 491 2837 ἀνδρῶν
510 2757 721 2838 προςπόλων’
746 2756 807 2843 (ΕΙ.
827 2756 884 2844 23)
907 2760 958 2824 καὶ
982 2757 1031 2822 ότι
1050 2758 1101 2822 καὶ
1119 2757 1287 2836 πρόπολος
1307 2756 1325 2820 ὁ

148 2850 296 2911 τοιοῦτος
324 2848 451 2923 λέγεται
478 2849 558 2912 κατὰ
585 2849 643 2913 τὸν
670 2847 817 2928 κωμικόν.
858 2871 935 2930 quae
962 2872 1033 2912 num
1061 2869 1097 2910 er
1122 2851 1324 2927 Aristophane

150 2938 295 3016 Byzantio
314 2941 449 3000 hauserit
462 2941 639 3001 Eustathius
658 2960 712 3018 pro
727 2946 807 3002 certo
822 2960 881 3002 non
895 2940 1121 3016 affirmaverim
1142 2940 1194 2999 sed
1209 2940 1324 3000 Aristo·

149 3029 298 3103 phaneam
318 3047 382 3090 esse
402 3031 567 3090 doctrinam
586 3031 725 3105 arbitror,
746 3049 805 3108 qua
823 3031 1045 3092 demonstretur
1062 3030 1142 3089 idem
1157 3027 1325 3106 significare

148 3136 235 3179 voces
265 3112 449 3193 ἀμφίπολος
476 3115 643 3194 πρόπολος
672 3114 867 3194 πρόςπολος,
897 3139 973 3197 quae
1000 3123 1102 3180 tamen
1124 3119 1168 3180 ita
1190 3119 1270 3178 inter·
1293 3136 1324 3178 se

150 3207 298 3284 differant,
313 3211 346 3266 ut
360 3203 539 3284 ἀμφίπολοι
553 3210 612 3269 nisi
625 3211 766 3270 mulieres
781 3228 841 3269 non
851 3210 988 3270 dicantur
999 3199 1049 3288 (cl.
1058 3208 1119 3266 ML
1134 3201 1325 3284 ἀμφίπολοι·

150 3291 182 3354 ui
200 3293 321 3371 θήλειαι
340 3290 540 3376 ἀκόλουθοι),
565 3294 726 3373 πρόπολοι
745 3303 777 3358 et
794 3293 973 3373 moeretur
991 3302 1054 3357 tam
1072 3297 1130 3356 viri
1153 3316 1240 3374 quam
1260 3317 1324 3356 rnu-

149 3385 247 3444 lieres.
280 3385 340 3445 iam
354 3389 479 3462 apparet
494 3406 552 3463 quo
567 3388 639 3449 vitio
654 3388 715 3446 ML
730 3388 880 3448 laborent:
895 3390 964 3447 arse
979 3387 1072 3447 verba
1087 3380 1118 3444 οἱ
1132 3383 1167 3444 δὲ
1182 3381 1325 3460 τραγικοί

148 3474 359 3550 interpretatio
373 3477 511 3536 vocabuli
526 3471 693 3552 πρόπολος
708 3477 824 3551 excidit,
840 3476 996 3536 adnotavit
1003 3474 1219 3549 Aristophanes
1232 3477 1325 3552 vulgo

148 3558 316 3637 πρόπολος
335 3565 487 3641 usurpari,
512 3560 696 3641 πρόςπολος
715 3585 733 3624 a
751 3565 875 3642 tragicis
894 3565 999 3642 poetis.
1036 3566 1067 3624 et
1090 3567 1171 3624 recte
1190 3563 1325 3641 quidem:

148 3647 333 3726 πρόςπολος
342 3673 430 3714 nemo
445 3654 519 3714 dixit
532 3659 654 3732 praeter
666 3655 807 3732 tragicos,
824 3655 875 3732 qui
889 3649 1056 3729 πρόπολος
1071 3656 1278 3730 aspernantur.
1284 3644 1325 3734 86)

150 3771 191 3780 —
217 3742 322 3802 similis
346 3745 516 3822 corruptela
539 3745 656 3820 glossas
678 3737 894 3818 ἀπελεύθερος
917 3739 1123 3817 ἐξελεύθερος
1146 3742 1325 3819 inquinavit:

149 3821 365 3905 ἀπελεύθερος
386 3834 433 3913 τῷ
459 3829 595 3913 οεεπότῃ
615 3830 666 3893 καὶ
684 3827 889 3908 ἐξελεύθερος
908 3827 928 3892 ὁ
947 3827 1051 3893 αὐτός.
1089 3827 1145 3892 οὓς
1163 3827 1200 3892 ἐν
1223 3829 1324 3911 Κρήτῃ

150 3913 288 3992 μινύιτας
306 3920 372 3982 κτλ.
402 3926 435 3982 at
448 3923 590 3983 Minoitae
605 3917 752 3983 Penestae
767 3923 891 3984 Helotes
908 3923 1029 3981 minime
1047 3924 1175 3998 possunt
1192 3920 1326 3980 libertini

148 4009 323 4083 nuncupari.
360 4011 533 4072 exciderunt
551 4012 699 4090 quaedam
718 4015 788 4071 ante
807 4008 864 4072 οὓς
882 4008 919 4078 ἐν
938 4009 1040 4091 Κρήτῃ
1060 4010 1169 4071 similia
1187 4010 1229 4070 eis
1249 4028 1325 4087 quae

305 4130 363 4138 -—-.

221 4179 256 4247 ⁶⁴)
276 4180 450 4248 (ύγγαμβροι
468 4184 532 4237 sunt
550 4181 636 4237 iidem
655 4181 704 4252 qui
721 4183 914 4249 ςυμπένθεροι;
933 4181 1029 4252 paullo
1043 4179 1118 4235 enirn
1132 4181 1199 4234 ante
1214 4179 1264 4248 (ΙΙΙ
1280 4183 1325 4249 31)

149 4249 249 4306 Pollux
268 4251 387 4307 adnotat
404 4254 528 4319 γαμβρόν
547 4254 632 4308 etiam
651 4270 702 4324 pro
722 4269 819 4308 socero
838 4252 935 4322 accipi.
965 4283 998 4292 -
1027 4251 1061 4321 ⁰⁵)
1080 4251 1185 4305 Eadem
1204 4251 1324 4320 Hesych.

149 4322 226 4378 Suid.
250 4341 271 4379 e.
290 4340 316 4379 τ.
336 4323 379 4378 Et.
399 4323 456 4393 Mg.
476 4329 541 4392 354,
561 4329 603 4379 όθ.
636 4327 671 4381 cl.
690 4323 771 4379 Pind.
790 4325 871 4393 Pyth.
890 4323 916 4378 V
935 4329 959 4378 t.
989 4353 1022 4363 -
1052 4321 1087 4392 ⁶⁰)
1109 4323 1259 4390 Πρόπολος
1282 4325 1326 4377 ter

149 4392 347 4535 legtitur)apud
365 4393 541 4465 Euripidem:
561 4395 675 4466 Hippot.
694 4401 746 4451 200
764 4395 827 4450 Hel.
843 4401 894 4450 576
913 4395 1021 4466 (Suppl.
1037 4399 1119 4450 7201
1136 4393 1241 4449 Heathi
1261 4409 1325 4450 con·

149 4480 191 4520 rec
205 4481 275 4522 ura.

200 4564 281 4606 Jahrb.
297 4565 312 4606 s.
326 4567 394 4608 class.
408 4565 491 4608 Philol.
508 4565 586 4618 Suppl.
601 4565 642 4606 Bd.
658 4566 712 4606 XII.
1076 4559 1109 4608 21
