3100 5158
225 252 290 318 356
697 254 822 325 Leopold
842 255 933 310 Cohn:

227 423 364 483 παιδιῶν
383 424 536 500 scripserit
549 424 725 500 accepimus.
757 426 790 482 et
808 427 908 483 tamen
927 442 965 482 ne
984 424 1063 482 hunc
1082 423 1202 499 quidem
1221 422 1331 482 librum
1348 442 1405 483 suo

228 513 326 573 Marte
345 513 554 588 Tranquillum
572 513 772 588 composuisse
791 533 844 589 pro
864 515 945 572 certo
967 512 1117 572 affirmare
1141 512 1218 576 licet.
1255 531 1309 571 nec
1328 513 1405 572 satis

228 605 276 694 est
296 602 371 660 illud
395 602 505 675 dicere,
530 600 704 662 Suetonium
728 602 795 678 plus
816 620 831 660 e
850 602 1021 661 litterarum
1039 601 1239 661 monumentis
1264 601 1403 662 hausisse

226 710 315 766 quam
339 711 376 750 ex
401 710 456 750 sua
477 692 572 766 ipsius
591 691 799 751 observatione
819 691 962 750 sermonis
982 689 1087 750 Graeci
1108 682 1155 769 (O.
1174 690 1300 773 Robert,
1319 689 1404 751 Gric-

227 780 345 840 chische
364 779 570 856 Kinderspiele
589 781 645 840 auf
659 779 768 852 Vasen,
786 779 942 840 Archaeol.
962 780 1027 856 Ztg.
1048 781 1132 839 1879
1149 800 1176 855 p.
1194 772 1264 858 78);
1282 781 1404 856 longius

225 869 317 928 etiam
331 869 550 945 procedendum
564 870 623 929 est:
641 867 809 942 Suetonius,
819 868 958 941 arbitror,
969 887 1030 927 non
1040 887 1056 928 e
1067 868 1261 944 scriptoribus
1272 867 1403 948 Graecis,

225 977 285 1016 non
309 978 325 1016 e
349 959 458 1018 fabulis
482 961 637 1034 poetarum
666 958 846 1018 comicorum
872 959 957 1018 lusus
982 957 1163 1017 Graecorum
1191 957 1401 1020 describendos

226 1047 368 1121 suscepit,
394 1047 446 1106 ssd
470 1067 487 1107 e
509 1048 592 1106 fonte
615 1048 744 1123 quodam
768 1047 964 1124 grammatico
986 1046 1123 1105 libellum
1147 1041 1219 1120 περὶ
1237 1047 1304 1105 τῶν
1322 1041 1403 1123 παρ’

224 1131 351 1210 Ἕλληει
370 1135 506 1195 παιδιῶν
520 1136 696 1212 conscripsit
710 1127 750 1217 (v.
768 1155 831 1211 sup.
846 1156 874 1212 p.
890 1127 977 1216 339).
1010 1154 1086 1210 quae
1101 1135 1250 1194 sententia
1269 1154 1303 1194 eo
1323 1155 1400 1196 corn-

223 1225 382 1302 probatur,
409 1226 487 1300 quod
511 1224 619 1284 Pollux
642 1227 673 1284 et
697 1244 798 1284 omnes
821 1225 885 1284 fere
909 1219 1035 1284 παιδιά(
1059 1242 1134 1299 quas
1161 1225 1305 1300 excerptis
1329 1225 1401 1286 Sue·

223 1314 352 1372 tonianie
372 1316 516 1373 tractatas
536 1314 703 1374 invenimus
723 1316 754 1372 et
772 1314 848 1373 alias
867 1315 1025 1390 praeterea
1043 1313 1154 1372 multas
1174 1318 1302 1374 enarrat.
1341 1335 1400 1390 quo

223 1403 267 1476 fit,
286 1406 321 1462 ut
339 1401 515 1462 Suetonium
534 1423 550 1462 e
569 1403 699 1464 Pollucis
719 1403 809 1478 copiis
831 1395 887 1482 (IX
907 1395 1076 1484 94-129)
1095 1403 1253 1462 emendare
1278 1406 1309 1462 et
1332 1423 1400 1480 sup·

223 1492 307 1568 plere
324 1493 421 1553 liceat.
455 1495 624 1566 congruunt
643 1493 721 1551 enim
740 1491 899 1552 Suetonius
914 1494 945 1550 et
958 1491 1066 1552 Pollux
1084 1491 1167 1568 adeo,
1186 1495 1222 1551 ut
1234 1493 1284 1552 vel
1303 1492 1400 1568 dispo-

224 1582 292 1640 sitio
311 1581 406 1640 libelli
425 1579 598 1640 Suetoniani
617 1581 722 1640 similis
742 1600 776 1640 ac
796 1580 925 1640 Pollucis
945 1581 1038 1640 fuisse
1056 1580 1207 1641 videatur:
1231 1600 1290 1656 qua
1312 1582 1348 1640 de
1368 1601 1401 1642 re

224 1669 361 1745 exposuit
379 1668 538 1729 Frescnius
559 1661 600 1746 (p.
621 1671 662 1729 32
678 1665 783 1752 seqq.).
820 1670 964 1730 diviseret
982 1669 1143 1729 Suetonius
1167 1669 1401 1745 disputationem

224 1777 306 1817 suam
332 1759 363 1816 in
386 1759 460 1817 duas
482 1761 597 1835 partes,
621 1778 747 1835 quarum
770 1758 868 1835 priore
891 1759 1017 1818 maiores
1040 1758 1126 1818 lusus
1151 1759 1247 1818 altera
1270 1759 1399 1820 minores

223 1847 376 1906 tractavit:
411 1850 502 1922 atque
523 1847 576 1907 illa
600 1848 720 1923 quidem
747 1851 928 1908 tesserarum
951 1848 1132 1908 calculorum
1161 1848 1292 1907 talorum
1320 1849 1400 1924 pilae

224 1937 450 2013 convivalesque
473 1936 557 1996 lusus
583 1937 746 2013 enarravit,
770 1937 826 1996 bac
849 1937 984 1996 ordinem
1007 1956 1096 2013 quem
1121 1938 1241 1996 secutus
1262 1937 1335 1996 site
1354 1958 1401 1997 re·

222 2025 324 2102 liquiis
343 2024 373 2084 in
388 2024 449 2083 ML
466 2025 593 2085 servatis
612 2026 781 2102 perspicere
795 2044 854 2084 non
868 2027 928 2085 iam
942 2026 1021 2085 licet.
1048 2025 1156 2085 Pollux
1169 2026 1299 2085 minores
1312 2027 1398 2086 lusus

223 2117 345 2174 externa
368 2114 496 2190 quadam
519 2114 615 2174 forma
637 2114 798 2190 disposuit:
822 2115 953 2190 primum
977 2118 1097 2174 enarrat
1119 2108 1247 2174 παιδιά(
1270 2135 1346 2191 quae
1368 2117 1400 2176 in

225 2199 312 2264 -ivbc
334 2196 539 2281 (llo—117)
559 2203 666 2262 deinde
685 2221 761 2278 quae
780 2204 811 2262 in
831 2198 903 2277 -μόε
922 2195 1128 2284 (118—121)
1147 2207 1271 2277 exeunt,
1290 2204 1400 2280 quibus

226 2291 359 2351 adnectit
376 2291 507 2368 reliquas
525 2292 572 2350 bis
591 2291 745 2352 ordinibus
769 2311 828 2351 non
848 2291 1094 2352 accommodatas.
1131 2311 1307 2353 consensum
1327 2293 1398 2352 Sue-

222 2381 285 2440 toni
309 2381 341 2440 et
363 2380 492 2440 Pollucis
516 2379 728 2440 Reifferscheid
751 2377 885 2457 (Quaest.
909 2381 990 2442 Suet.
1015 2401 1043 2457 p.
1064 2373 1143 2462 463)
1166 2382 1210 2440 ita
1233 2382 1399 2458 explicavit,

222 2473 257 2529 ut
276 2471 314 2528 ab
333 2472 460 2546 utroque
481 2470 608 2528 eundem
627 2471 779 2530 auctorem
798 2470 966 2529 adhibitum
985 2488 1050 2530 esse
1069 2469 1189 2531 diceret.
1227 2491 1285 2547 quo
1305 2471 1337 2530 in
1354 2472 1398 2530 iu-

223 2559 300 2618 dicio
319 2559 572 2635 perseverandum
591 2562 638 2618 est
656 2578 710 2619 nec
729 2562 862 2618 statuere
885 2559 956 2619 licet
973 2559 1125 2619 Pollucem
1151 2558 1292 2620 Suetonio
1310 2578 1398 2619 usum

223 2667 288 2707 esse
307 2649 438 2724 auctore,
457 2666 546 2723 quam
560 2648 598 2706 ad
612 2648 780 2724 opinionem
793 2648 948 2708 inclinavit
962 2648 1121 2708 Fresenius
1137 2640 1179 2731 (p.
1196 2651 1236 2708 32
1252 2669 1279 2709 n.
1296 2642 1398 2729 2).¹⁵⁷)

222 2756 292 2795 nam
311 2736 447 2812 quamvis
466 2755 576 2814 magna
595 2737 634 2796 sit
648 2736 772 2796 Suetoni
785 2742 816 2796 et
831 2737 960 2797 Pollucis
975 2736 1147 2811 similitudo,
1166 2741 1268 2797 tamen
1285 2757 1344 2799 non
1362 2757 1399 2798 ea

223 2829 278 2898 est,
297 2828 332 2884 ut
349 2824 500 2884 Pollucem
519 2844 537 2884 a
556 2825 696 2884 Suetonio
716 2845 770 2885 sua
789 2825 980 2901 descripsisse
998 2827 1143 2885 affirmari
1160 2828 1264 2905 possit.
1302 2829 1397 2886 multo

221 2915 344 2990 propius
364 2915 400 2972 ad
421 2913 596 2974 Suetonium
620 2914 735 2974 accedit
757 2915 918 2975 scholiasta
936 2914 1071 2974 Platonis
1089 2915 1108 2974 i.
1127 2935 1150 2974 e.
1176 2916 1321 2976 boethus:
1345 2917 1398 2976 sed

221 3023 260 3062 ne
279 3004 357 3062 hunc
374 3002 495 3078 quidem
515 3003 638 3063 Suetoni
656 3004 759 3064 libello
779 3023 864 3062 usum
885 3023 949 3064 esse
973 3004 1153 3079 persuadere
1171 3004 1245 3064 mibi
1268 3024 1397 3080 possum.

222 3108 292 3150 nam
316 3093 420 3151 eodem
447 3091 512 3150 iure
540 3092 619 3151 idem
647 3093 684 3151 de
712 3093 861 3168 Hesychio
886 3094 979 3151 statui
1006 3094 1107 3167 potest
1130 3085 1223 3170 (quod
1248 3095 1398 3152 neminem

222 3182 371 3240 facturum
391 3172 535 3260 confido),
560 3181 611 3256 qui
628 3184 664 3240 ut
682 3181 719 3250 in
734 3176 942 3256 βλαεφημίαι(
965 3183 1009 3241 ita
1026 3181 1057 3240 in
1077 3181 1217 3242 παιδιαῑ(
1241 3202 1308 3242 eum
1327 3182 1398 3242 Sue·

221 3269 304 3329 tonio
332 3268 459 3329 maxime
487 3270 644 3346 conspirat.-
682 3269 823 3329 nimirum
851 3289 966 3347 omnes,
998 3269 1159 3330 Suetonius
1193 3271 1399 3348 Diogenianus

222 3359 329 3418 Pollux
347 3359 490 3435 Boethus,
508 3359 546 3417 ab
566 3359 670 3419 eodem
688 3363 809 3420 auctore
828 3358 972 3435 pendent,
991 3379 1079 3434 quem
1097 3359 1286 3435 Pamphilum
1303 3361 1398 3420 fuisse

222 3449 400 3507 contendere
419 3466 478 3506 non
496 3447 613 3508 dubito:
642 3468 660 3507 a
677 3447 765 3508 lexiei
783 3448 951 3525 Pamphilei
968 3453 1054 3524 parte
1073 3449 1169 3508 altera
1186 3450 1398 3526 argumentum

224 3535 360 3595 παιδιῶν
379 3537 484 3596 abesse
502 3554 561 3596 non
581 3537 718 3598 debebat.

559 3719 585 3774 1.
617 3714 666 3774 De
688 3715 831 3774 lusibus
855 3675 1062 3776 maioribus.

310 3838 359 3898 De
383 3839 537 3898 tesseris
561 3839 715 3898 calculis
738 3839 826 3898 talis
851 3840 1084 3915 disputationem
1103 3840 1315 3900 Suetonienam
1333 3841 1398 3899 fere

221 3931 317 3987 totam
346 3928 503 4002 descripsit
530 3927 614 3988 llust.
643 3948 670 4003 p.
703 3930 801 4005 1397,
831 3930 949 4003 7-45,
986 3930 1120 4007 singulas
1148 3934 1249 4006 partes
1276 3930 1399 4006 repetiit

221 4037 250 4092 p.
266 4019 371 4090 228‚1
395 4008 445 4097 (de
464 4020 647 4076 tesserarum
665 4020 697 4076 et
714 4017 896 4076 calculorum
915 4009 1110 4096 inventione),
1128 4039 1156 4094 p.
1175 4021 1268 4091 1083,
1285 4021 1325 4078 63
1345 4010 1396 4098 (de

223 4097 371 4186 tesseris),
385 4126 413 4181 p.
425 4107 496 4180 633,
508 4108 549 4165 56
567 4099 618 4187 (de
633 4107 764 4180 calculis,
778 4108 814 4166 de
833 4103 1080 4182 διαγραμμιεμό(
1098 4101 1193 4189 ludo),
1207 4129 1234 4183 p.
1249 4109 1342 4181 1289,
1354 4109 1394 4167 53

297 4291 342 4359 15⁷)
370 4290 493 4361 Longius
516 4292 601 4347 etiarn
624 4293 756 4363 progredi
780 4310 864 4346 ausus
888 4295 932 4348 est
955 4293 982 4348 C.
1008 4294 1126 4360 ltobcrt,
1153 4295 1201 4363 qui
1224 4311 1279 4348 non
1305 4293 1396 4348 solum

224 4362 310 4418 schol.
337 4360 464 4418 Plutonis
492 4365 521 4417 et
544 4363 690 4419 Pollucem
714 4364 762 4418 sed
786 4365 872 4418 etiam
895 4365 1063 4421 Pausaniam
1090 4365 1251 4422 Atticistam
1281 4364 1397 4421 Suetoni

223 4431 326 4490 librum
345 4449 494 4506 usurpasse
512 4435 618 4491 diceret
637 4436 662 4506 (l.
684 4437 702 4490 l.
721 4455 748 4508 p.
768 4439 803 4492 80
820 4438 897 4507 not).
