3102 5158
167 249 208 304 De
222 249 410 320 Aristophane
425 245 559 319 Byzantio
574 249 603 302 et
617 245 749 302 Suetonio
759 245 922 316 Tranquillo
936 217 1069 303 Eustallii
1083 247 1250 304 auctoribus.
1270 248 1333 314 351

161 419 291 494 Hesyoh.
324 411 478 491 ἄγγαρος·
511 410 659 492 ἐργάτης,
692 411 862 490 ὑπηρέτης,
896 410 1090 491 ἀχθοφόρος.
1131 414 1151 492 ὴ
1185 413 1266 478 λέξις
1299 414 1334 476 δὲ

162 504 306 583 Περςική.
331 502 470 582 ςημαίνει
489 503 524 566 δὲ
545 502 623 582 [καὶ]
643 501 718 565 τοὺς
733 501 768 565 ἐκ
786 504 938 580 διαδοχῆς
959 503 1134 580 βαςιλικοὺς
1152 522 1333 581 γραμματη-

160 592 293 671 φόρους.
320 595 499 656 veterrimus
514 614 602 671 quem
616 594 753 654 novimus
767 594 855 653 huius
870 596 988 670 glossae
1002 599 1106 655 euotor
1121 595 1178 654 luit
1192 595 1333 655 Irenaeus

162 705 215 745 seu
230 685 374 746 Minucius
390 683 528 757 Pacatus,
543 703 578 744 ex
593 703 650 759 quo
665 684 767 742 hausit
780 683 909 743 fortasse
922 676 1163 764 Pamphilusffffl)
1192 685 1334 744 laudetur

159 775 301 834 irenaeus
319 794 338 834 a
355 772 479 833 Claudio
506 772 644 833 Ousilone
667 791 714 848 ep.
738 772 845 833 Miller.
870 773 1023 848 Melanges
1050 793 1077 848 p.
1103 775 1166 834 397
1191 773 1254 834 sive
1277 775 1333 832 lex.

160 863 299 925 Ountnbu
322 883 345 924 s.
368 885 396 923 v.
424 856 572 936 ἄγγαροι*
599 857 631 921 οἱ
653 856 854 935 πρεςβευταί,
882 855 927 921 ὑις
951 857 1144 936 Θεόπομπος
1168 858 1204 922 ἐν
1226 863 1265 941 τῇ
1290 856 1334 934 ιγ’

159 949 259 1013 οὕτω·
297 946 496 1026 ’κατέπεμψε
529 948 686 1026 πρέςβεις,
723 946 780 1009 οὑς
812 944 973 1025 ἀγγάρους
1004 949 1154 1011 καλοὺςιν
1190 945 1333 1011 ἐκεῖναι’.

159 1038 325 1116 Εἰρηναῖος
354 1038 389 1101 δὲ
418 1037 454 1101 ἐν
481 1041 527 1120 τῷ
555 1035 755 1115 ὑπομνήματι
782 1039 828 1118 τῷ
852 1035 896 1099 εἰς
923 1034 1100 1114 Ἡρόδοτόν
1125 1055 1200 1115 φηςι
1228 1039 1332 1100 καλεῖ-

159 1133 226 1191 ςθαι
259 1128 334 1190 τοὺς
365 1126 401 1190 ἐκ
438 1129 589 1204 διαδοχῆς
622 1125 798 1202 βαςιλικοὺς
832 1123 1124 1203 γραμματηφόρους
1157 1123 1332 1203 ἀγγάρους·

158 1215 235 1280 ὅθεν
258 1215 309 1279 καὶ
331 1215 369 1279 τὸ
394 1213 439 1279 εἰς
463 1213 620 1294 βαςιλικάς
641 1211 778 1289 ἀπάγειν
796 1234 825 1276 τι
845 1213 951 1292 χρείας
970 1211 1162 1292 ἀγγαρεὺειν
1186 1215 1332 1294 λέγομεν,

159 1304 291 1369 καὶτὸν
314 1302 555 1384 ἀγγελιαφόρον
583 1301 741 1381 ἀγγαρον,
769 1303 819 1366 καὶ
847 1300 1003 1380 άγγάριον
1030 1303 1192 1381 ἐντεῦθεν,
1220 1303 1332 1366 καὶτὸ

158 1393 329 1472 ὑπηρετεῖν
352 1392 542 1470 ἀναγκάζειν
564 1387 818 1476 ἀγγαρεύεινέῧθ)
855 1395 993 1455 similiter
1016 1397 1149 1472 glossam
1170 1395 1333 1471 explicavit

157 1487 264 1550 Aelius
282 1487 453 1563 Dionysius,
472 1504 561 1562 quem
579 1485 781 1544 adhibuerunt
798 1484 924 1544 Photius
944 1479 974 1563 (e
989 1483 1082 1544 Suide
1095 1504 1174 1544 nune
1193 1485 1331 1561 supplen-

157 1568 228 1658 ἀπε)
252 1576 429 1636 Eustethius
452 1597 480 1651 p.
506 1577 604 1649 1854,
630 1576 670 1634 27
695 1575 752 1633 lex.
774 1573 867 1633 Bekk.
893 1575 971 1650 325,
997 1577 1051 1648 13,
1076 1574 1127 1650 qui
1149 1574 1277 1634 invioem
1301 1593 1333 1634 se

157 1657 361 1746 supplent..¹⁵¹)
403 1684 419 1724 e
443 1663 552 1723 Suidee
575 1665 640 1722 loeo
666 1665 793 1739 apparet
815 1663 906 1722 eiiam
933 1665 1026 1724 verbu
1053 1664 1215 1739 fragmenti
1237 1663 1331 1722 Perit.

156 1749 200 1814 ὑις
221 1751 409 1828 Μένανδρος
427 1772 487 1814 non
505 1772 593 1812 suum
612 1752 746 1813 obtinere
764 1752 875 1812 locum:
902 1753 1065 1812 Menander
1083 1753 1169 1811 testis
1189 1753 1331 1811 laudetur

155 1861 215 1902 non
233 1843 314 1904 vocis
334 1837 475 1917 ἀγγαρος
495 1843 548 1902 ssd
565 1841 651 1902 verbi
670 1835 907 1915 ἀγγαρεὺεςθαι.

243 1932 290 1992 De
312 1926 411 1992 Ἀκκιίι
435 1932 599 1991 stulterum
621 1929 781 1990 mulierum
805 1929 937 1990 eonvioio
956 1930 1055 1991 verbis
1079 1930 1142 1990 fere
1161 1931 1332 2007 conspirent

156 2021 315 2083 Suetonius
335 2013 395 2102 (M)
414 2024 445 2080 et
463 2021 597 2080 Boethus
616 2039 663 2095 up.
682 2019 773 2079 sohol.
792 2018 872 2078 Plet.
892 2018 982 2094 Gorg.
1000 2040 1028 2095 p.
1048 2021 1150 2080 497u:

155 2129 238 2190 Suet.
249 2123 308 2209 (Μ)
327 2122 441 2188 Ἀκκώ·
459 2124 512 2188 ἐπὶ
526 2118 597 2257 τῆς,
611 2129 702 2186 sehol.
730 2127 809 2187 Plst.
837 2123 875 2186 τὸ
907 2121 1082 2187 ἀκκίζεςθαι
1115 2122 1150 2186 ἐκ
1181 2123 1331 2199 γυναικὸς

155 2213 290 2293 εὐήθους
326 2211 487 2289 γυναικόςΙ
531 2213 582 2276 καί
610 2211 748 2290 εἰρῆςθαῖ
776 2229 872 2290 φαςιν
896 2209 1025 2275 Ἀκκοῦς
1052 2212 1262 2290 καλουμένης,
1290 2213 1331 2292 ἣν

155 2301 328 2368 ἀκκίζεςθαι
347 2303 385 2366 τὸ
402 2301 581 2380 μωραίνειν.
610 2300 714 2366 οὕτως
728 2301 825 2380 εὐήθη
845 2301 1000 2378 λέγουςιν,
1019 2299 1063 2363 ὡς
1083 2299 1148 2364 ἀπὸ
1167 2304 1225 2364 τοὺ
1243 2299 1331 2365 ἱςτοὺ

154 2392 274 2470 ταύτην
302 2392 337 2454 δὲ
361 2391 412 2454 καὶ
435 2389 500 2455 ἀπὸ
523 2395 581 2455 τοὺ
610 2389 774 2468 θοίμάτιον
785 2391 1002 2468 καθελομένην
1016 2388 1169 2467 ἡμίεργον
1179 2387 1330 2468 ἀμφιέςα-

153 2481 241 2544 irruis
268 2481 486 2558 καθελομένην
516 2479 580 2544 θοί-
610 2484 686 2556 ςθαι,
702 2477 747 2543 είς
761 2499 795 2543 τε
810 2479 848 2542 τὸ
862 2478 1044 2556 κάτοπτρον
1061 2479 1330 2557 βλέπουςανπρὸς
1428 2511 1434 2516 -

154 2569 266 2648 μάτιον
290 2567 496 2647 ἀμφιέςαςθαί
518 2588 580 2646 φα·
609 2569 668 2646 τὴν
687 2565 766 2653 παρ’
785 2567 882 2646 αὑτῆς
905 2565 1041 2645 ἔμφαςιν
1061 2567 1105 2630 είς
1124 2566 1203 2630 αὐτὸ
1223 2587 1330 2643 γιγνο-

154 2678 202 2723 ςιν
229 2658 381 2738 ἡμίεργον
410 2655 455 2722 είς
482 2657 581 2721 τετὸ
609 2658 708 2736 μένην
726 2655 771 2720 ὡς
790 2656 884 2740 ἑτέρᾳ
903 2658 1097 2735 προςλαλεῖν
1112 2654 1243 2731 γυναικί.
1277 2657 1329 2733 μέ-

154 2746 335 2825 κάτοπτρον
377 2745 579 2827 ἀποβλέπον·
609 2764 722 2825 μνηται
741 2745 857 2824 ταύτης
875 2745 1052 2823 Ἕρμιππος
1071 2745 1107 2808 ἐν
1122 2743 1255 2822 Ἀθηνᾶς
1274 2765 1329 2822 γο-

154 2855 212 2900 ςαν
248 2836 345 2921 ἑαυτῇ
388 2837 500 2900 λαλεῖν
536 2834 581 2898 ὑις
609 2839 680 2898 ναῖς
702 2831 805 2918 (Mein.
825 2836 906 2898 Com.
926 2838 956 2897 Π
976 2830 1055 2918 383)
1079 2834 1130 2897 καὶ
1153 2832 1269 2913 Ἄμφις
1294 2835 1330 2898 ἐν

153 2925 256 3007 ἑτέρᾳ.
608 2928 654 3005 τῷ
674 2922 832 3006 ὁμωνύμῳ
852 2922 949 3001 αὐτῆς
969 2921 1111 3000 δράματι.

152 3036 273 3095 brevius
298 3036 400 3094 eudem
424 3037 528 3094 narret
552 3034 659 3095 Zenob.
682 3034 697 3093 I
722 3036 763 3094 53
783 3028 882 3114 (Diog.
901 3035 971 3094 114
996 3034 1075 3094 Plut.
1096 3033 1110 3092 l
1134 3026 1190 3114 65)
1215 3027 1329 3094 Ἀκκώ·

153 3120 205 3184 ἐπὶ
223 3123 290 3184 τῶν
308 3119 546 3198 μωραινόντιυν.
578 3119 597 3196 ἡ
617 3119 678 3197 γὰρ
696 3116 795 3182 Ἀκκὺι
814 3121 894 3198 γυνὴ
914 3120 1050 3195 γέγονεν
1069 3119 1122 3182 ἐπὶ
1141 3117 1243 3201 μωρίᾳ
1261 3121 1329 3183 δια-

155 3211 343 3289 βεβοημένη,
363 3209 402 3287 ἥν
422 3228 518 3287 φαςιν
538 3207 814 3287 εἰςοπτριζομένην
832 3214 869 3293 τῇ
890 3207 988 3272 εἰκόνι
1006 3207 1051 3271 ὑις
1069 3207 1164 3290 ἑτέρᾳ
1186 3210 1329 3284 διαλέγε-

154 3304 232 3362 ςθαι,
270 3297 364 3362 ένθεν
387 3297 498 3360 καὶτὸ
523 3295 696 3362 ἀκκίζεςθαι
720 3298 792 3375 περὶ
814 3297 933 3375 ταύτην
957 3299 1114 3374 λελέχθαι.
1321 3291 1325 3298 ’

244 3385 357 3465 Κρόνοι
373 3384 507 3450 Ἰαπετοί
521 3385 658 3449 Τιθωνοί
673 3391 806 3450 eonvioie
820 3385 864 3450 eir
879 3386 1055 3465 nosciturus
1071 3407 1131 3447 unu
1150 3407 1328 3466 componun·

228 3578 272 3646 ¹⁴⁹)
288 3576 394 3632 lrenuei
409 3577 531 3631 aetatem
547 3575 582 3630 sd
600 3573 726 3630 Caesaris
741 3575 861 3645 Augusti
876 3579 1003 3646 tempora
1017 3575 1077 3631 iure
1090 3577 1206 3632 deduxit
1219 3575 1329 3632 Ritsehl

151 3651 263 3720 (Opuse.
284 3650 295 3703 Ι
317 3654 374 3704 115.
396 3649 466 3716 188).
499 3647 636 3703 Henriuus
660 3646 723 3702 Keil
747 3647 870 3716 (ἀμαθεῖ.
895 3665 1012 3717 gramm.
1031 3666 1058 3717 ρ.
1079 3651 1105 3717 6)
1130 3651 1159 3703 et
1176 3646 1329 3704 Mauricius

151 3722 248 3790 Haupt
271 3719 330 3788 (qui
353 3719 514 3788 fragmenta
536 3717 645 3773 Irenuei
667 3716 783 3788 collegit
806 3719 906 3788 Opuse.
926 3719 952 3773 ll
971 3724 1023 3774 434
1043 3721 1131 3788 seqq.)
1150 3719 1187 3774 ed
1206 3722 1329 3776 aetutem

152 3790 289 3846 Hadriani
303 3791 485 3859 'imperatoris
505 3807 568 3846 eum
582 3789 706 3845 referunt
724 3792 755 3844 et
768 3807 917 3860 supparem
936 3788 1099 3845 existimant
1113 3791 1183 3845 lulio
1198 3791 1328 3859 Vestino;

152 3865 182 3916 et
199 3861 331 3915 laudetur
350 3861 481 3916 Irenaeus
500 3862 536 3916 ab
556 3856 690 3916 Erotieno
710 3861 771 3930 (fig.
791 3859 923 3930 LXXXI).
957 3861 991 3918 cf.
1010 3859 1102 3929 Klein,
1121 3859 1197 3916 Erot.
1217 3862 1326 3933 Proleg.
1363 3921 1366 3928 ,

151 3952 178 4001 ρ,
194 3931 304 3987 XXXX.
324 3961 357 3970 —
381 3932 425 3998 ¹⁵⁰)
440 3931 481 3986 Ex
495 3932 611 3987 lrenueo
626 3931 707 3986 fluxit
720 3933 807 3986 etium
821 3931 865 3988 Et.
876 3932 932 4003 Mg.
945 3939 969 3998 l,
979 3938 1022 3988 20.
1042 3963 1075 3971 —
1099 3932 1145 4001 ¹⁶¹)
1158 3933 1203 3987 Ad
1217 3933 1327 3988 Aelium

151 4004 318 4073 Dionysium
341 4002 459 4058 fortusse
479 4004 565 4058 etiem
583 4002 730 4058 referende
749 4005 814 4058 sunt
831 4021 905 4072 queo
923 4004 967 4059 Et.
987 4005 1043 4074 Mg.
1064 4010 1088 4072 6,
1108 4010 1142 4058 44
1161 4000 1261 4059 tradit}
1281 4008 1327 4070 άγ-

149 4092 244 4144 γαροι·
269 4075 296 4128 οἱ
314 4075 345 4127 ἐκ
363 4076 493 4142 διαδοχῆς
515 4076 760 4143 γραμματοφόρον
785 4075 811 4128 oi
830 4076 859 4129 δ’
878 4076 957 4130 αὐτοὶ
980 4078 1025 4130 καὶ
1048 4077 1186 4130 ἀςτάνδαι.
1220 4077 1327 4141 λέγεται

151 4150 181 4203 δέ
209 4149 254 4201 καί
279 4147 485 4213 ἀγγαροφορεῖν
514 4147 557 4200 ἐπί
585 4151 637 4200 τοὺ
665 4145 769 4213 φορτία
794 4147 891 4214 φέρειν
918 4148 989 4202 κατὰ
1017 4148 1157 4215 διαδοχήν.
1191 4164 1276 4216 quae,
1304 4148 1328 4202 si

151 4216 337 4274 deterioribus
362 4214 442 4270 libris
466 4215 515 4285 qui
538 4219 629 4272 οὑτως
652 4217 753 4285 Ὠρίων
778 4217 872 4285 (Ὦρος
894 4217 961 4288 leg.)
984 4217 1092 4272 addunt
1110 4217 1179 4272 fides
1197 4218 1328 4273 habende

151 4293 202 4357 est,
221 4306 256 4344 ex
274 4287 330 4343 Oro
349 4286 533 4355 grammatico
553 4285 735 4358 Etymologus
754 4288 902 4343 derivavit.
940 4289 975 4343 el.
995 4288 1104 4342 Ritsehl
1123 4288 1158 4344 de
1178 4288 1233 4343 Oro
1252 4307 1279 4358 p.
1292 4296 1325 4345 69

151 4360 262 4429 (Opuse.
280 4360 294 4413 I
313 4360 385 4440 657).
424 4357 494 4413 Orus
513 4360 573 4412 tum
592 4362 642 4414 eut
659 4359 750 4429 ipsum
767 4358 879 4414 Aelium
898 4358 1063 4434 Dionysium
1081 4362 1131 4418 aut
1145 4375 1324 4418 communem

152 4450 214 4488 oum
234 4431 315 4488 Aelio
334 4429 470 4502 D1onysio
489 4431 633 4487 auctorem
654 4430 761 4488 hebuit.
879 4487 882 4494 ,
