3102 5158
229 249 294 314 336
693 246 819 318 Leopold
837 246 928 303 cohn·

228 417 375 496 φηλήτου
395 416 430 478 δὲ
449 418 507 478 τοῦ
532 413 700 493 εἰρημένου
720 417 826 491 χρῆειε
845 413 903 490 μὲν
922 409 1009 490 παρά
1027 433 1061 476 τε
1080 411 1215 496 Ἡειόδῳ
1235 409 1304 497 (Ορ.
1325 410 1408 498 377)

229 505 280 570 καλ
299 503 387 583 παρὰ
400 495 576 586 Ἀρχιλόχῳ
591 503 628 566 ἐν
642 507 688 587 τῷ
708 500 848 584 φηλήτᾳ
863 501 986 579 νύκτωρ
1002 502 1073 580 περὶ
1088 501 1185 566 πόλιν
1201 500 1408 586 πολευμένῳ’

230 595 301 680 (frg.
325 593 384 678 46)
407 593 509 671 ἤγουν
542 593 661 674 κλέπτῃ
690 589 876 673 νυκτιλάχῳ.
923 612 1000 671 quse
1028 595 1163 671 sequitur
1191 595 1407 673 etymologiam

230 682 332 767 (παρὰ
348 683 388 746 τὸ
411 677 559 765 ὑφελεῖν)
583 703 644 744 non
662 684 802 746 Suetonio
825 683 946 746 videtur
969 685 1091 757 debere,
1119 684 1175 743 etsi
1194 703 1261 746 eam
1281 685 1406 763 Trypho

231 774 469 837 etHerodianus
486 775 661 851 probarunt

320 865 349 924 5.
369 859 428 924 etc
442 857 643 924 ἀλαζόναε.
666 863 780 923 Paucas
795 862 884 923 huius
900 862 1006 938 capitis
1020 863 1136 940 glossas
1152 864 1304 940 congessit
1317 865 1407 926 Eust.

231 977 258 1032 p.
281 956 374 1030 1431,
394 956 446 1013 47:
476 948 625 1028 κύβηβοε,
646 947 756 1027 εάβοε,
776 945 934 1027 εαβάΖιοε,
956 945 1085 1027 βάκχοε,
1107 946 1276 1028 βαβάκτηε,
1297 945 1406 1029 βάβαξ,

231 1040 379 1148 έμμανήε,
398 1039 539 1117 φλέδων.
562 1062 592 1118 p.
609 1043 703 1118 1909,
717 1043 757 1100 57
778 1041 862 1100 addit
849 1034 1029 1115 τΛαπίθηε,
1048 1033 1184 1102 ἀλαζών.
1213 1043 1269 1101 ML
1289 1043 1406 1120 glossas

231 1129 289 1208 κύβ
272 1131 379 1208 β,βοε
399 1125 592 1205 εαβάζιοε,ἐ
594 1126 717 1205 μμανήε
735 1131 886 1190 omittunt.
923 1125 1060 1205 κύβηβοε
1085 1130 1145 1188 omi
1147 1133 1224 1190 ttere
1243 1131 1404 1191 Fresenius

232 1240 292 1282 non
310 1220 440 1280 debebat
427 1220 601 1297 torcatum,
620 1219 754 1294 reliquae
773 1237 875 1280 omnes
893 1223 929 1278 ut
945 1237 1112 1296 synonyma
1131 1219 1189 1279 τού
1208 1217 1346 1324 κυβήβου
1366 1222 1404 1280 ab

234 1309 396 1370 Eustathio
413 1309 615 1384 proferuntur.

323 1400 351 1458 6.
375 1391 468 1457 Εἶτ’
451 1391 661 1499 erepcione
680 1393 740 1457 καὶ
759 1390 1091 1471 πολυπράγμονα(
1114 1391 1174 1456 καὶ
1196 1396 1404 1475 φιλεγκλή-

229 1502 356 1564 μοναε.
387 1486 482 1547 Docte
502 1489 532 1546 et
550 1485 668 1562 copiose
684 1486 721 1545 de
737 1486 876 1546 conviciis
896 1487 985 1544 huius
1006 1485 1125 1562 generis
1145 1485 1305 1548 Suetonius
1323 1488 1405 1549 vide-

230 1586 281 1638 tur
306 1575 483 1651 disputasse.
519 1574 627 1652 viginti
649 1577 794 1652 quattuor
818 1577 934 1651 glossas
959 1574 1081 1635 exhibet
1100 1575 1143 1648 M,
1170 1576 1279 1652 quibus
1304 1578 1406 1654 glossa

230 1661 389 1740 κρόταλον
409 1664 545 1724 addenda
563 1667 610 1724 est
624 1683 660 1722 ex
674 1664 833 1724 Eustathio
850 1655 891 1745 (p.
910 1666 1004 1737 1471,
1020 1656 1069 1744 4),
1089 1664 1140 1741 qui
1159 1668 1273 1740 septem
1293 1666 1407 1726 omittit

231 1747 461 1837 (ευκοφὰντηε,
487 1748 591 1813 Λύκου
616 1748 722 1828 δεκάε,
751 1747 901 1829 κόβαλοε,
930 1748 1116 1828 κόβακτροε,
1140 1748 1278 1827 κομψόε,
1303 1749 1405 1829 λίεπη,

232 1838 437 1918 επάλαθροε).
475 1843 511 1901 de
536 1843 651 1924 origine
676 1842 889 1902 vocabulorum
913 1836 1113 1916 conopeium(
1137 1845 1168 1902 et
1186 1838 1290 1903 Λύκου
1310 1839 1404 1904 δεκάε

232 1931 356 1992 Suetoni
375 1930 524 1991 enarratio
543 1930 576 1988 in
589 1931 620 1988 M
639 1931 756 1991 excidit.
784 1931 816 1989 in
830 1924 1031 2005 ευκοφάντηε
1049 1930 1151 2007 glossa
1168 1932 1310 1991 lacunam
1329 1931 1360 1991 in
1375 1933 1406 1991 M

231 2021 280 2082 vel
298 2020 460 2080 indicatam
479 2020 620 2096 legimus:
640 2014 853 2095 ευκοφὰντηε·
873 2013 938 2079 ἀπὸ
954 2016 994 2078 δέ
1010 2019 1066 2094 τῆε
1085 2016 1158 2094 περὶ
1171 2016 1229 2080 τὸν
1244 2015 1405 2096 ευκοφάν-

231 2126 290 2186 την
312 2105 450 2184 ἱττορίαε
474 2106 605 2181 ἐλέγετο
634 2104 903 2185 ὸφιλεγκλήμων
931 2105 982 2167 καὶ
1010 2106 1160 2183 τυκαιτὴε
1185 2105 1235 2187 καὶ
1261 2105 1406 2187 ευκόβιοε

232 2195 283 2260 καὶ
306 2195 446 2272 ευκωρὸε
471 2195 522 2258 καὶ
550 2193 723 2272 ευκολόγοε
749 2195 800 2258 καὶ
828 2193 969 2272 ευκώδηε
1001 2193 1052 2257 καὶ
1086 2192 1302 2258 commentae.
1352 2202 1405 2259 sed

232 2289 372 2364 supplere
389 2287 460 2346 licet
479 2287 533 2346 hoc
555 2288 761 2364 fragmentum
779 2286 993 2346 Suetonianum
1012 2305 1027 2344 e
1048 2287 1137 2346 schol.
1156 2287 1209 2348 Ar.
1229 2287 1309 2350 Plut.
1329 2289 1403 2364 873,

231 2377 284 2436 ubi
302 2377 375 2436 haec
388 2377 542 2452 leguntur:
562 2369 807 2450 ὁευκοφάντηε·
827 2370 913 2434 ούτιυ
928 2373 1099 2435 καλοῦνται
1119 2371 1149 2434 οἱ
1170 2370 1404 2451 ἐπηρεάζοντεε

233 2461 297 2525 άπὸ
316 2460 464 2540 τοιαύτηε
483 2460 596 2524 αἰτίαε·
618 2461 656 2524 τὸ
676 2461 815 2525 παλαιὸν
833 2457 1049 2538 ἀπειρημένον
1067 2459 1107 2539 ἦν
1126 2464 1203 2524 εὓκα
1221 2458 1347 2538 ἐξάγειν
1367 2463 1403 2526 ἐκ

231 2555 288 2630 τῆε
306 2547 458 2628 Ἀττικῆε,
481 2554 539 2614 τοῦ
563 2553 668 2629 φυτοῦ
686 2547 759 2613 κατ’
777 2547 877 2628 ἀρχὰ(
900 2550 1151 2627 θαυμαζομένου
1188 2551 1264 2615 τοὺε
1283 2554 1404 2629 πικρῶε

232 2639 291 2705 ούν
310 2643 540 2718 διερευνῶνταε
563 2639 601 2702 τὸ
623 2643 772 2703 τοιοῦτον
800 2638 903 2703 ούτωε
927 2637 1140 2718 ὀνομαεθῆναι
1167 2637 1352 2715 λέγουειν’
1337 2640 1403 2705 απὸ

233 2734 289 2808 τῆε
312 2727 451 2807 ὀπώραε.
490 2732 665 2806 παραιχεῖν
689 2727 749 2792 οὖν
771 2728 823 2791 καὶ
845 2731 914 2792 τοῑε
938 2725 1088 2793 ὁπωεούν
1111 2726 1212 2837 μάτην
1236 2728 1405 2805 ἐγκαλούει

232 2820 292 2897 τὴν
311 2815 534 2896 ὀνομαείαν,“
516 2838 580 2895 αμα
599 2817 649 2881 καὶ
667 2821 725 2881 τοῦ
745 2815 873 2896 φαίνειν
892 2817 929 2881 τὸ
950 2817 1098 2894 ἐγκαλεῖν
1121 2819 1140 2896 ἢ
1166 2817 1211 2881 εἰε
1237 2817 1370 2896 δίκην’
1345 2839 1405 2882 ειε-

234 2906 323 2983 άγειν
347 2909 535 3016 δηλουντοιἱ
569 2905 617 2970 ὅτι
641 2907 676 2970 δέ
700 2904 765 2969 ἀπὸ
788 2905 913 2970 τούτων
937 2907 1086 2984 γέγονεν,
1110 2906 1145 2970 ἐκ
1167 2909 1271 2971 τῶνδε
1291 2910 1404 2987 δῆλον·

234 2995 384 3060 ευκαετάε
403 2995 465 3074 γὰρ
483 2997 558 3059 τουε
577 2996 833 3075 φιλεγκλήμοναε
852 2993 968 3070 ἔλεγον
987 2995 1037 3059 καὶ
1052 2994 1216 3075 ευκοβίουε
1235 2996 1286 3059 καὶ
1306 3017 1402 3060 ευκω-

234 3086 311 3164 ροὺε
330 3084 380 3148 καὶ
395 3083 588 3160 ευκολόγουτ
607 3085 658 3147 καὶ
673 3084 865 3163 φιλοεύκουτ
883 3083 934 3146 καὶ
949 3083 1098 3147 ευκώδειτ
1119 3085 1171 3147 καὶ
1185 3085 1405 3165 τυκοεπαδίαε,

233 3173 308 3237 ictuc
327 3171 468 3237 ἀπὸτοῦ
487 3171 610 3236 πάντα(
629 3173 810 3252 ἐγκλήματα
836 3172 1033 3251 ἐφέλκεεθαι.
1072 3177 1110 3235 ad
1135 3196 1170 3236 ea
1187 3177 1317 3238 Dindorf
1333 3180 1405 3239 haec

234 3266 401 3328 adnotavit.
421 3259 566 3327 scholion
579 3267 790 3327 recentius—
810 3266 1021 3325 aRavennate
1040 3267 1169 3326 enimet
1157 3266 1300 3328 tVeneto
1319 3269 1404 3329 libris

234 3358 381 3418 abest—
406 3355 511 3416 confict
498 3360 562 3416 tum
585 3356 744 3416 maximam
767 3359 885 3450 partem
908 3374 944 3414 ex
965 3355 1013 3415 Et.
1033 3355 1094 3432 Mg
1114 3374 1137 3414 s.
1156 3376 1184 3418 v.
1209 3353 1405 3432 αυκοφαντία

235 3439 510 3521 ολευκοφάνται’
546 3464 649 3506 recens
678 3463 743 3504 esse
772 3425 903 3504 scholion
933 3463 967 3504 co
991 3444 1195 3519 confirmatur,
1225 3447 1304 3521 quod
1327 3446 1407 3522 apud

236 3535 358 3594 Suidam
361 3553 470 3609 ,quem
484 3535 608 3594 vetera'
599 3555 630 3592 ιιι
640 3534 873 3610 Aristophanem
888 3534 1000 3592 scholia
1013 3533 1076 3592 fere
1088 3534 1261 3593 exhausisse
1275 3539 1406 3612 constat3

236 3643 295 3683 nou
314 3623 434 3699 legitur.
472 3623 523 3682 sed
548 3642 584 3681 ex
602 3624 650 3681 Et.
670 3623 730 3700 Mg.
750 3623 908 3683 confictum
930 3627 1063 3682 nonest.
1099 3641 1168 3681 nam
1188 3623 1235 3681 Et.
1256 3623 1317 3700 Mg.
1337 3642 1360 3684 s,
1378 3645 1406 3684 v.

237 3706 433 3787 ευκοφαντία
452 3702 494 3792 (p.
516 3713 587 3784 733,
603 3703 661 3792 38)
681 3730 788 3788 parum
807 3731 873 3771 cum
893 3711 983 3771 schol.
1003 3711 1054 3770 Ar.
1074 3710 1210 3786 concinit,
1231 3730 1254 3772 s.
1268 3732 1295 3773 v.
1316 3727 1406 3774 ευκα-

237 3795 356 3876 φάνται
370 3803 472 3859 autem
487 3800 660 3861 econtrario
672 3800 871 3877 Etymologus
890 3800 1082 3860 scholiastam
1097 3800 1252 3876 excerpsit,
1267 3803 1407 3876 qnoniam

239 3889 380 3966 pauciora
402 3888 536 3948 exhibet:
562 3890 609 3950 Et.
629 3890 689 3966 Mg.
710 3891 787 3962 733,
807 3891 848 3948 54
873 3882 1083 3962 ευκοφάνταιι
1107 3883 1137 3948 οἱ
1161 3885 1405 3964 ἐπηρεάζοντες·

237 3974 288 4040 καὶ
310 3973 439 4053 φαίνειν
462 3973 523 4052 γάρ
546 3974 584 4037 τὸ
612 3974 773 4050 ἐγκαλεῖν·
801 3974 852 4037 καὶ
876 3971 1025 4036 ευκαετάε
1049 3973 1124 4036 τοὺς
1150 3977 1405 4054 φιλεγκλήμοναε

237 4063 354 4139 ἐλεγον
376 4062 427 4125 καὶ
447 4060 610 4143 ευκοβίουε
633 4063 684 4126 καὶ
707 4063 868 4141 ευκιυροὺε
892 4062 942 4125 καὶ
966 4061 1114 4126 ευκύιδειε
1138 4065 1188 4127 καὶ
1211 4061 1405 4136 ευκολόγαυε

237 4152 287 4217 καὶ
311 4152 512 4232 φιλοεύκουε.
549 4157 710 4216 scholiasta
728 4155 938 4230 Aristophanis
962 4155 1016 4214 illa
1042 4173 1077 4215 cx
1099 4157 1165 4233 ipso
1185 4154 1307 4216 Suetoni
1328 4153 1405 4213 libro

238 4241 311 4320 περὶ
327 4244 532 4322 βλατφημιῶν
546 4244 665 4306 videtur
679 4244 879 4319 descripsisse.
899 4275 940 4283 -—
961 4243 997 4303 dc
1013 4240 1117 4306 Λύκου
1132 4240 1225 4306 δεκάε
1239 4243 1407 4302 dolatorum

239 4334 363 4396 convicii
382 4333 495 4411 origine
510 4334 606 4394 multa
620 4336 738 4394 exstant
752 4337 890 4394 veterum
908 4333 1081 4394 testimonia
1099 4327 1271 4414 (maximam
1289 4335 1407 4408 partem

239 4417 404 4506 corrupta),
436 4442 511 4504 quae
531 4425 630 4486 onmia
652 4422 690 4485 ad
713 4422 942 4485 Eratosthenem
965 4422 1133 4484 reducenda
1155 4425 1225 4483 sunt
1248 4414 1298 4505 (cf.
1316 4421 1409 4484 Bern-
