3102 5158
216 256 283 322 320
688 251 813 322 Leopold
833 251 923 308 Cohn:

309 425 423 483 Verum
441 442 528 483 nemo
548 441 652 482 rursus
671 423 816 498 quantum
836 421 873 481 ab
888 419 1089 495 Aristophane
1103 420 1247 499 Byzantio
1266 421 1398 497 pendeat

218 512 326 572 melius
345 514 533 572 demonstrat
551 529 640 586 quam
659 511 779 586 Pollux,
802 511 941 587 quoniam
964 509 990 568 is
1009 509 1143 571 oratione
1162 510 1303 570 continua
1322 527 1395 582 τυγ-

218 596 328 674 γενικά
344 604 374 660 et
389 593 567 661 ‘uolutaui'
583 599 734 660 tractavit.
758 597 887 660 Pollucis
902 599 1135 675 disputationem
1149 599 1186 658 de
1201 602 1396 676 cognatorum

219 691 354 750 affinium
381 690 491 750 civium
518 689 744 766 peregrinorum
772 689 935 749 amicorum
963 707 1117 749 servorum
1139 688 1308 750 nominibus
1335 682 1397 767 (ΙΙΙ

222 771 366 859 16-83)
389 779 506 838 sicum
531 777 677 854 excerptis
706 777 766 836 ML
794 776 1002 837 Eustathianis
1031 779 1262 852 comparaveris,
1291 779 1397 837 multis

220 889 287 928 eam
306 868 426 944 quidem
445 867 658 927 additamentis
676 867 799 948 nouioiis
815 868 846 924 et
864 885 882 925 a
899 867 1052 943 proposito
1067 866 1173 926 alienis
1189 885 1254 926 esse
1268 870 1398 944 auctam,

220 957 287 1017 aliis
307 956 393 1017 bonis
412 956 672 1017 observationibus
691 956 876 1015 deminutam
894 955 1066 1033 intelleges,
1086 957 1149 1015 eius
1168 955 1399 1016 fundamentum

220 1053 321 1108 tamen
330 1046 362 1105 in
375 1045 586 1122 Aristophanis
601 1044 790 1122 grammatici
802 1044 880 1105 libro
896 1063 961 1104 esse
975 1045 1177 1120 quaerendum
1190 1064 1251 1104 non
1264 1047 1399 1122 negabis.

221 1135 314 1212 atque
328 1135 400 1195 ordo
415 1135 535 1211 quidem
549 1136 716 1212 glossarum
730 1153 764 1193 ao
774 1133 930 1210 dispositio
943 1153 1043 1193 rerum
1058 1134 1178 1211 integra
1191 1136 1254 1194 fere
1269 1155 1285 1194 a
1299 1135 1399 1212 capite

221 1225 441 1300 Aristophaneo
460 1227 582 1300 recepta
599 1222 733 1299 videtur,
757 1220 788 1281 id
809 1223 888 1298 quod
911 1223 1007 1298 primo
1026 1227 1150 1299 aspectu
1168 1224 1308 1285 cernitur.
1344 1243 1400 1283 neo

221 1314 320 1373 minus
338 1314 371 1373 in
389 1312 575 1388 singularum
595 1313 766 1388 glossarum
781 1311 980 1388 explicatione
994 1330 1061 1370 curn
1076 1312 1279 1387 Aristophane
1293 1314 1400 1372 Pollux

221 1403 378 1463 consent't.
421 1402 457 1462 of.
481 1402 602 1460 nomina
624 1398 704 1475 τήθη
729 1392 791 1481 (ΠΙ
812 1394 882 1479 17),
909 1397 1083 1474 τηλύγετοε
1106 1392 1239 1482 (20)84”),
1268 1396 1399 1477 εκότωε,

221 1490 360 1567 γνήειοε,
380 1485 489 1564 νόθοε,
510 1484 702 1565 μητρόξενοε
721 1482 808 1569 (21),
828 1490 915 1550 θεῑοε
934 1481 1016 1569 (22),
1034 1492 1162 1550 fratrum
1182 1492 1399 1567 appellationes

173 1615 176 1620 ·
221 1573 277 1660 (23
297 1580 365 1640 coll.
388 1579 518 1656 epistula
540 1579 578 1638 ad
602 1571 771 1659 hierium),
795 1573 924 1652 ἀνεψιοί
943 1571 1031 1660 (28),
1054 1575 1199 1654 κηδεεταί
1223 1574 1299 1655 πηοί
1317 1575 1400 1659 (30),

220 1666 447 1745 προμνήττριω
471 1663 709 1743 προμυθίκτριω
728 1660 813 1747 (31),
833 1664 941 1743 νύμφη
961 1663 1037 1728 νυότ
1056 1663 1168 1742 ἑκυρόε
1191 1664 1299 1741 γάλωε
1318 1668 1400 1744 δαήρ

221 1753 393 1832 εἰνάτειρετ
413 1752 617 1831 ευγκηδεεταί
636 1749 765 1838 (32)83),
784 1751 954 1831 ἐπίκληροε
974 1754 1069 1832 θῆεεα
1085 1749 1166 1839 (33),
1186 1753 1401 1833 παράνυμφοε

224 1843 368 1921 πάροχοε
388 1841 606 1921 νυμφαγωγόε
626 1838 692 1925 (40.
713 1839 784 1926 41),
808 1843 1007 1932 χήραίχῆροε
1026 1843 1183 1920 χηρωτταί
1202 1839 1289 1924 (47),
1312 1845 1400 1922 τιτθή

223 1928 309 2016 (50),
333 1929 469 1995 πελάται
489 1935 581 2009 θῆτε(
603 1927 689 2014 (82),
708 1930 838 1994 εἵλωτεε
857 1934 932 2011 sim,
951 1929 1167 2011 ἀπελεύθεροι
1187 1931 1401 2010 ἐξελεύθεροι.

222 2027 325 2101 itaque
343 2024 448 2084 multis
467 2023 540 2084 looi's
561 2026 700 2099 excerpta
718 2023 940 2100 Aristophanea
959 2043 975 2083 s
994 2024 1125 2084 Pollucis
1144 2024 1237 2101 copiis
1261 2027 1401 2102 supplere

222 2116 301 2175 licet.
333 2115 417 2174 velut
435 2116 578 2189 nepotum
596 2113 717 2172 nomina
735 2113 796 2172 tria
813 2115 932 2172 tantum
952 2105 1117 2192 (ἄμναμοι,
1135 2107 1227 2188 iuret,
1247 2108 1400 2194 κέλωρεε)

222 2203 343 2264 exhibet
361 2202 406 2277 M,
430 2203 525 2260 multo
549 2203 638 2278 plura
661 2202 769 2261 Pollux
787 2193 853 2282 (17.
874 2194 944 2282 18),
967 2204 1097 2262 fratrum
1119 2221 1178 2262 non
1202 2204 1286 2263 nulla
1308 2205 1401 2263 tradit

224 2293 354 2368 epistula
372 2291 410 2350 ad
431 2289 571 2350 Alexium
590 2290 714 2367 scripta,
739 2292 827 2366 plura
844 2290 951 2351 Pollux
970 2284 1051 2370 (23).
1089 2292 1189 2351 vitrici
1208 2296 1239 2352 et
1256 2312 1400 2354 novercae

224 2381 345 2441 nomina
367 2381 398 2438 in
422 2379 568 2455 excerptis
591 2379 766 2456 Byzantinis
790 2379 1010 2453 desiderantur,
1037 2399 1113 2455 quae
1137 2381 1175 2438 ah
1200 2381 1401 2458 Aristophane

225 2471 370 2548 Byzantio
395 2469 506 2528 omissa
531 2487 596 2528 esse
619 2467 669 2528 vix
692 2469 792 2528 credo:
816 2468 908 2528 habet
930 2469 1037 2528 Pollux
1060 2465 1125 2545 (26.
1146 2467 1211 2548 27).
1249 2471 1402 2530 nominum

226 2559 409 2636 sponsalium
429 2561 460 2618 et
482 2558 664 2634 nuptialium
688 2557 860 2634 fragmenta
882 2576 971 2633 quam
995 2557 1103 2636 exigua
1121 2559 1268 2637 excerptis
1287 2560 1402 2637 Byzan·

224 2648 296 2708 tinis
316 2648 437 2708 servata
455 2647 524 2723 sint,
544 2667 580 2706 ex
598 2647 758 2707 uberrimis
778 2647 870 2723 copiis
885 2646 1034 2714 Polluceis
1053 2641 1214 2730 (34-46)
1233 2649 1403 2725 perspicere

224 2739 303 2813 licet,
317 2735 439 2796 tametsi
453 2737 559 2794 horum
574 2736 654 2795 haud
668 2754 764 2811 pauca
778 2736 816 2795 ab
830 2736 1041 2812 Aristophanis
1056 2737 1181 2801 consilio
1197 2738 1294 2797 aliena
1309 2758 1403 2815 eoque

226 2827 264 2886 ab
284 2826 347 2885 eius
367 2822 487 2886 λέξεων
505 2824 640 2900 reliquiis
660 2825 840 2886 removenda
858 2825 1006 2886 uidentur.
1027 2857 1065 2868 ·—
1088 2827 1139 2886 sed
1160 2830 1278 2902 oportet
1295 2827 1404 2888 discre-

225 2915 344 2992 pantias
359 2933 477 2991 quoque
492 2914 703 2990 Aristophanis
718 2933 785 2974 cum
800 2914 922 2974 Polluce
936 2915 1044 2989 afferri,
1061 2935 1118 2990 quo
1133 2915 1324 2992 perspicuum
1342 2917 1404 2995 fiat,

226 3024 316 3080 quam
335 3003 441 3080 procul
455 3002 562 3063 Pollux
576 3004 614 3063 ab
629 3004 693 3078 ipso
708 3003 919 3078 Aristophanis
940 3022 1029 3079 opere
1048 3004 1166 3064 afuerit.
1200 3006 1309 3065 etenim
1324 3007 1403 3081 apud

226 3093 379 3154 Pollucem
389 3094 549 3167 praecepta
560 3093 708 3167 quaedam
716 3092 927 3151 Atticistarum
941 3094 1093 3170 leguntur,
1103 3110 1180 3168 quae
1192 3097 1262 3154 ante
1272 3094 1403 3171 Augusti

226 3184 357 3242 aetatem
367 3180 475 3251 referri
484 3181 532 3241 vix
546 3184 681 3257 possunt.
708 3178 929 3255 τηθαλλαδοΰε
943 3183 1075 3257 glossam
1090 3175 1162 3261 (20)
1178 3183 1290 3243 eisdem
1303 3184 1403 3245 verbis

226 3272 443 3347 interpretatur
457 3270 565 3347 quibus
579 3268 685 3330 Aelius
700 3270 862 3346 Dionysius
876 3289 922 3346 ap.
933 3270 1018 3331 Eust.
1028 3291 1056 3347 p.
1070 3273 1129 3331 971
1141 3264 1182 3350 (ν.
1196 3291 1298 3350 supp.
1310 3269 1403 3349 315):

227 3357 266 3421 ὃν
285 3355 316 3420 oi
336 3359 394 3420 νύν
413 3353 660 3434 μαμμύθρεπτον
679 3356 834 3432 λέγουειν.
867 3360 1045 3420 vocabulum
1065 3355 1310 3436 μαμμόθρεπτοε
1326 3362 1403 3421 vitu-

226 3450 374 3526 perabant
397 3448 572 3508 Atticistae:
600 3448 713 3526 Phryn.
736 3449 809 3510 Lob.
832 3470 861 3525 p.
887 3451 948 3509 299
975 3444 1222 3524 μαμμόθρεπτον
1250 3448 1292 3526 μὴ
1320 3449 1403 3526 λέγε,

226 3537 452 3612 τηθαλλαδοῦν
471 3534 515 3598 δέ.
534 3570 576 3578 -
596 3556 683 3597 voces
702 3531 837 3612 ὅμαιμοε
856 3540 887 3598 et
906 3532 1051 3612 ὁμαίμων
1064 3539 1247 3614 generaliter
1260 3543 1402 3617 cognatos

227 3724 368 3790 uoporlbo
391 3726 435 3777 καλ
457 3729 617 3793 πατρούχον
641 3729 775 3779 κολούειν.
808 3725 908 3780 eadem
927 3721 1193 3793 6616.’ἑπ1κληροεῑ.
1224 3723 1307 3780 aliter
1325 3725 1401 3782 Eust.

228 3814 255 3864 p.
271 3801 332 3861 674,
347 3800 379 3850 27
399 3798 417 3861 ἡ
437 3797 468 3849 δὲ
486 3795 640 3864 ἐπίκληρός,
659 3813 732 3864 φατι,
752 3799 796 3851 καλ
816 3797 906 3862 novos
923 3797 993 3864 πρό(
1006 3813 1092 3850 τινων
1107 3797 1239 3865 ἐκαλεῖτο,
1255 3798 1306 3851 ὑπ’
1320 3797 1403 3852 ἐνίων

228 3868 259 3921 δὲ
278 3871 443 3932 πατρούχοε.
481 3865 554 3921 unde
578 3867 678 3921 Nauck
701 3867 855 3937 (Melanges
879 3867 1115 3922 Gracc-Romaim
1134 3867 1174 3922 Ill
1192 3886 1221 3938 p.
1241 3871 1302 3937 175)
1326 3869 1356 3923 in
1374 3868 1402 3921 M

228 3953 279 4007 pro
299 3937 434 4002 ἐπίμανδα
451 3936 614 4007 legiyoluit
632 3939 729 4004 μάνδα.
758 3939 806 3993 sed
825 3940 915 4005 μάνδα
935 3937 1019 4008 plane
1034 3937 1184 3994 obscurum
1199 3941 1249 4007 est,
1269 3940 1402 4006 ἐπίμανύα

229 4025 296 4063 vero
316 4009 477 4076 corruptum
496 4025 556 4063 esse
574 4009 694 4079 arbitror
712 4027 746 4064 ex
765 4009 958 4076 ἐπιπαματίδα,
977 4008 1051 4063 siout
1063 4025 1108 4078 ap.
1123 4009 1244 4081 Hesych.
1260 4010 1402 4077 emporion

230 4097 264 4135 ex
277 4079 461 4146 ἐπιπαματίδα
476 4079 605 4149 (Hesych.
621 4081 844 4152 ἐττι[πα]ματ18α’
864 4083 917 4147 τήν
936 4080 1102 4148 ἐπίκληρον).
1130 4081 1225 4150 itaque
1242 4078 1402 4144 ἐπιπαματίτ

230 4149 412 4219 Aristophani
430 4151 494 4220 Bya.
514 4150 717 4206 restituendum
736 4169 843 4208 censeo.
872 4183 906 4192 —
932 4150 965 4218 ⁸²)
990 4153 1022 4206 In
1042 4151 1134 4224 verbis
1154 4156 1229 4208 οὕτω
1247 4153 1300 4217 γὰρ
1320 4150 1401 4203 odron

231 4226 368 4289 μονογενῆ
392 4223 478 4287 μόνον
501 4225 655 4289 τηλύγετον
677 4224 742 4294 post
767 4225 851 4278 ούτοε
873 4221 978 4277 excidit
1000 4225 1042 4278 οὐ.
1068 4255 1101 4263 -
1127 4224 1160 4290 83)
1179 4220 1316 4278 Vocabuli
1342 4237 1402 4286 τυγ-

230 4292 358 4360 κηδεεταῐ
381 4309 564 4362 synonymum
588 4293 689 4349 Pollux
712 4297 848 4349 memorat
871 4293 997 4355 εἰλίονεε,
1021 4295 1096 4364 quod
1115 4291 1316 4362 Aristophanes
1334 4289 1400 4360 Byz.

231 4368 260 4418 et
282 4363 401 4432 Hesych.
425 4365 514 4419 ἀέλιοε
537 4365 690 4434 appellant.
714 4383 777 4421 cum
802 4364 916 4422 Polluce
940 4365 1049 4423 faciunt
1067 4367 1111 4422 ut.
1130 4364 1186 4434 Mg.
1206 4369 1266 4432 470,
1287 4368 1338 4420 168
1358 4363 1402 4420 ut.

232 4434 301 4494 Gau.
321 4441 382 4507 276,
402 4440 443 4493 14.
463 4441 524 4508 289,
543 4441 558 4492 5
578 4436 684 4510 (ἰλίων).
