3102 5158
224 209 291 274 296
543 279 549 291 ,
691 213 817 285 beopold
837 211 929 272 Oohn:

316 377 485 456 Sempserat
507 382 723 457 Aristophanes
748 383 785 442 de
808 383 980 460 imperativi
1004 384 1109 443 formis
1134 377 1259 444 ἀπόςτα
1282 378 1405 460 κατάβα

224 467 305 540 sina3
336 469 576 531 Antiattieistam
599 472 729 531 vidimus
757 465 881 532 ἀπόςτα
904 473 1076 536 laudavisse
1099 493 1115 532 e
1140 473 1298 534 Menandri
1323 467 1404 534 ’Gur-

227 552 345 634 κλήρῳῑ
367 559 428 617 alia
446 561 505 619 duo
525 561 660 636 exempla
679 579 694 618 e
712 561 876 620 Menandro
895 563 1026 622 afferunt
1044 561 1127 622 Suid.
1145 563 1202 622 lex.
1217 562 1314 624 Bekk.
1328 565 1403 636 436,

228 647 267 703 14
283 638 367 723 (Aeli
377 646 505 724 Dionysi
519 649 577 710 fide
586 650 618 710 ni
627 641 731 730 fallor)
747 643 884 710 ἀπόςτα·
894 647 933 710 οὐ
945 647 1046 726 μόνον
1056 645 1210 726 ἀπόςτηθι
1221 643 1405 732 λε’γοιιςι.”)

226 729 276 793 καὶ
295 730 450 810 παράςτα.
479 734 668 813 Μένανδρος
686 733 824 819 Παιδίῳ·
845 733 992 802 ’ἐνταῦθ’
1011 734 1135 816 ἀπόςτα
1155 735 1281 814 μικρόν’
1303 733 1406 820 (Mein.

227 818 367 881 Coralli
385 821 471 908 182).
503 823 564 886 Δὶς
583 824 795 889 ἐξαπατῶντι·
816 820 898 903 ‘tuci
916 824 1072 905 παράςτα.
1103 827 1162 904 τὴν
1180 825 1282 904 θύραν
1301 824 1405 904 κόψας

126 943 128 947 ⁴
229 907 293 984 ἐγὼ
315 906 320 987 Ι
342 911 430 976 καλῶ
448 909 512 978 τιν’
530 911 649 976 αὐτῶν’
669 911 771 997 (Mein.
792 915 873 1000 Oorn.
892 918 936 976 IV
958 912 1045 1000 105).
1088 919 1251 995 Didymum
1271 919 1406 995 agnosei-

229 1019 297 1061 mus
317 1019 365 1078 ap.
388 1003 481 1066 schol.
500 1005 552 1064 Ar.
570 1005 644 1066 lton.
666 1008 706 1068 35
732 999 836 1086 (quem
854 1027 975 1070 versum
994 1009 1059 1084 ipss
1078 1007 1232 1083 Aristoph.
1252 1008 1324 1084 Byz.
1342 1008 1404 1068 lau-

229 1081 326 1170 davit)
346 1087 469 1168 κατάβα
484 1093 662 1168 πανοῦργε·
681 1091 719 1154 τὸ
734 1093 762 1170 ᾗ,
781 1089 830 1155 ὅτι
849 1092 973 1173 κατάβα
986 1092 1076 1172 φηςί·
1095 1092 1176 1172 πρὸς
1190 1093 1266 1156 τοὺς
1281 1091 1405 1158 ἀξιοῦν-

228 1194 286 1239 τας
305 1173 356 1240 ὅτι
374 1178 527 1258 κατάβηθι
547 1180 674 1256 λέγεται
694 1179 809 1259 μόνως
830 1215 871 1227 -
896 1180 979 1260 ἄρδα
1003 1190 1035 1246 et
1054 1181 1236 1260 ἀρδαλῶςαι
1260 1186 1405 1246 vocabula

229 1269 420 1330 Pherecratis
454 1275 486 1332 et
513 1273 696 1337 Philemonis
723 1275 863 1336 versibus
887 1275 990 1336 allatis
1018 1276 1078 1336 iam
1105 1275 1258 1336 veteribus
1286 1276 1406 1351 cognita

126 1435 128 1439 ,
230 1358 323 1418 fnisse
348 1361 521 1422 observavit
542 1361 769 1439 Aristophanes.
810 1367 973 1442 utrumque
1000 1367 1121 1442 poetam
1144 1365 1261 1437 laudat,
1287 1365 1405 1424 omissis

229 1451 332 1508 tamen
345 1451 492 1526 versibus,
507 1451 668 1512 Erotianus
683 1453 754 1513 Voo.
769 1453 909 1530 Hippoon
923 1474 952 1530 p.
969 1457 1020 1532 56,
1036 1457 1064 1530 9,
1083 1453 1271 1514 Pherecratis
1285 1472 1405 1512 versum

232 1539 342 1597 iterum
361 1539 449 1600 affert
462 1540 548 1602 Eunt.
563 1561 592 1616 p
608 1543 682 1619 707,
697 1544 736 1601 31
759 1543 955 1604 ePansaniae
969 1543 1073 1603 lexico.
1090 1574 1128 1584 -
1145 1542 1254 1602 leviter
1268 1545 1407 1617 corrupta

232 1628 279 1686 est
306 1629 408 1704 glossa
435 1624 536 1704 ἔμίας;
571 1624 672 1711 (itast.
699 1651 728 1707 p.
759 1624 950 1713 1761...)
981 1629 1032 1694 καὶ
1064 1627 1094 1691 oi
1122 1626 1228 1706 ἔμετοι
1256 1625 1338 1704 ἐμίαι
1362 1625 1407 1689 ιίις

232 1712 364 1790 κοχλίαι.
398 1713 533 1781 Εὔπολις
552 1716 600 1793 δέ,
619 1736 724 1795 φηςιν,
743 1717 795 1782 ἐπὶ
813 1721 872 1781 τοῦ
887 1717 1082 1796 κακοφώνοιι
1100 1717 1159 1780 τὸν
1174 1715 1265 1794 ἐμίαν
1279 1714 1407 1794 τίθηςιν.

232 1825 286 1882 pro
310 1800 416 1881 ἔμετοι
440 1809 628 1870 scribendum
657 1829 723 1870 esse
747 1805 882 1883 ἔμετικοί
908 1811 1058 1871 intellexit
1078 1809 1184 1869 Nauck
1202 1829 1231 1884 p.
1252 1811 1311 1867 211
1340 1809 1406 1874 coll.
1469 1827 1474 1838 ⁴

233 1896 318 1954 Eust.
337 1917 366 1973 p.
387 1899 460 1974 9916,
480 1899 521 1958 39
542 1889 608 1979 (ubi
627 1899 793 1960 technioum
813 1899 897 1976 sequi
915 1893 1050 1980 videtur)
1069 1894 1173 1960 ἰςτέον
1192 1894 1228 1958 δὲ
1247 1890 1296 1957 ὅτι
1315 1913 1350 1956 τε
1371 1893 1407 1956 ἔκ

233 1983 292 2045 τοῦ
311 1981 399 2061 ἐμεῖν
419 1984 563 2048 ....καὶ
581 1982 670 2063 ἐμίας
689 1983 733 2048 ὡς
755 1984 886 2063 κοχλίας
905 1983 924 2048 ὁ
943 1985 1084 2064 ἐμετικὸς
1102 1987 1122 2063 ἢ
1142 1982 1264 2062 εὐεμής.
1303 1987 1405 2046 eadem

235 2077 405 2151 corruptela
422 2076 454 2136 in
472 2077 517 2136 M:
537 2071 638 2152 ἔμίας·
657 2071 676 2136 ὁ
695 2071 815 2152 ἔμετος.
851 2077 904 2138 sed
922 2079 1018 2139 multo
1037 2096 1102 2139 cam
1122 2095 1188 2138 esse
1207 2076 1405 2158 antiquiorem

235 2165 320 2224 docet
340 2166 391 2241 qui
410 2166 491 2226 solus
510 2167 587 2226 hans
600 2167 734 2246 glossam
750 2170 869 2244 praeter
888 2167 1121 2243 Aristophanem
1140 2166 1261 2226 exhibet
1276 2163 1407 2223 Galenus

237 2253 335 2314 Gloss.
353 2254 494 2330 Hippoer.
514 2275 542 2330 p.
557 2257 621 2316 466
642 2250 737 2330 ἐμίαι·
757 2251 873 2330 ἔμετοι.
906 2249 1047 2316 Ἀττικὸν
1065 2251 1104 2314 τὸ
1123 2249 1235 2328 ὄνομα.
1257 2283 1294 2294 -
1317 2247 1409 2326 μαγίς

238 2344 340 2419 glossa
354 2345 483 2403 maxima
498 2363 564 2404 cum
577 2344 768 2422 neglegentia
782 2345 820 2404 ab
834 2345 994 2405 Eustathio
1005 2347 1136 2404 tractata
1153 2335 1196 2424 (v.
1211 2361 1274 2417 sup.
1289 2361 1317 2416 p.
1329 2333 1409 2422 292)

110 2479 114 2484 .
237 2432 349 2508 optime
371 2436 473 2509 potest
495 2434 641 2494 illustrari
671 2436 838 2494 ceterorum
868 2434 1130 2512 grammaticorum
1153 2431 1332 2492 testimoniis
1356 2431 1408 2490 ad-

236 2522 350 2582 hibitis.
392 2522 519 2582 diximus
542 2523 776 2602 Aristophanem
797 2525 972 2584 observasse
995 2522 1091 2584 videri
1115 2516 1207 2596 μαγίς
1230 2519 1408 2581 vocabulum

237 2611 297 2670 iam
316 2611 396 2687 apud
414 2615 531 2672 veteres
550 2612 629 2671 idem
647 2614 779 2674 valuisse
797 2612 877 2690 quod
895 2608 1043 2687 τράπεζα.
1078 2631 1154 2688 quae
1174 2610 1323 2672 sententia
1340 2628 1408 2668 eon·

237 2701 376 2759 firmatur
397 2700 527 2760 Pollucis
551 2700 768 2779 disputatione,
792 2719 881 2779 quam
906 2704 968 2762 fere
991 2702 1243 2776 Aristophaneam
1268 2699 1408 2758 dixerim:

149 2848 153 2854 .
239 2789 283 2847 VI
298 2791 339 2848 83
361 2783 393 2848 αἱ
413 2782 442 2847 b'
456 2785 667 2863 ἐπιτιθέμενοι
682 2787 733 2850 καὶ
752 2785 916 2865 αἰρόμεναι
935 2785 1132 2866 τράπεζαι,
1150 2783 1189 2846 ἃς
1203 2787 1262 2848 νῦν
1276 2781 1409 2861 μαγίδας

240 2875 399 2938 καλοῡςιν.
437 2871 500 2937 ἔςτι
525 2875 633 2953 μέντοι
657 2875 708 2939 καί
730 2876 769 2938 τὸ
787 2879 843 2955 τῆς
862 2873 994 2954 μαγίδος
1017 2872 1121 2952 ὄνομα
1144 2872 1232 2952 παρὰ
1250 2871 1410 2950 (οφοκλεῖ

239 2964 275 3026 ἐν
300 2963 405 3042 χρήςει
430 2961 548 3046 [Χρύςῃ
577 2968 650 3028 coni.
669 2961 810 3046 Dindorf]
839 2961 911 3028 ‘rdc
928 2962 1091 3028 Ἕκαταίας
1110 2961 1243 3040 poribus
1262 2957 1409 3039 δόρπων’

240 3051 312 3138 (frg.
333 3048 421 3136 651).
458 3057 627 3116 accuratius
645 3057 673 3115 X
692 3060 732 3116 81
753 3054 805 3117 καὶ
828 3055 888 3132 μὴν
911 3053 962 3116 καί
980 3052 1020 3116 τὰ
1038 3052 1239 3130 ἐπιτιθέμενα
1257 3052 1326 3112 τοῖς
1344 3047 1408 3127 τρί-

240 3160 312 3204 ποςι
339 3139 492 3218 τράπεζαι
520 3143 692 3205 καλοῦνται
720 3142 771 3206 καὶ
799 3141 929 3220 μαγίδες
1056 3139 1101 3204 dic
1129 3137 1216 3218 παρὰ
1244 3137 1411 3216 Σοφοκλεῖ

240 3228 361 3310 είρηται
385 3226 456 3292 ετὰς
474 3229 637 3294 Ἑκαταίας
666 3229 800 3310 μαγίδας
823 3227 981 3310 bdpumv’.
1020 3231 1173 3308 Κρατῖνος
1198 3228 1234 3292 ἐν
1255 3226 1410 3306 Βοιιςίριδι

241 3317 366 3398 εἴρηκεν
385 3316 420 3381 ’ὁ
436 3322 511 3399 βοῦς
530 3319 652 3384 ἐκεῖνος
671 3320 712 3400 χὴ
731 3319 822 3400 μαγίς
840 3320 891 3384 καὶ
904 3317 1059 3400 τᾶλφιτα’
1079 3316 1183 3405 (Mein.
1199 3319 1280 3382 Corn.
1294 3321 1327 3379 II
1344 3313 1411 3400 31).

193 3435 197 3441 ·
240 3408 328 3486 παρὰ
347 3409 455 3486 μέντοι
469 3406 650 3492 Ἐπιχάρμῳ
660 3410 697 3474 ἐν
710 3408 824 3492 Πιίῤῥᾳ
842 3411 861 3488 ἢ
876 3410 1042 3489 Προμηθεῖ
1055 3407 1106 3472 καὶ
1119 3406 1200 3472 κατὰ
1213 3408 1272 3484 τὴν
1287 3403 1410 3482 ἀνθρώ-

240 3495 336 3575 πίνην
360 3501 470 3576 χρῆςιν
499 3495 620 3576 είρηται
648 3497 774 3562 (κύλικα
803 3497 919 3577 μαγίδα
943 3495 1080 3577 λύχνον’
1109 3495 1180 3619 ssfrg.
1200 3501 1239 3556 81
1266 3496 1411 3578 Ahrens).

241 3591 345 3650 cadem
364 3589 427 3650 fere
446 3591 541 3650 tradit
557 3590 715 3652 Helladius
734 3611 781 3668 ap.
800 3591 888 3652 Phot.
903 3591 980 3652 Bibl.
998 3611 1027 3667 p.
1047 3589 1110 3649 533
1133 3581 1187 3669 ‚²⁸)
1209 3613 1245 3628 -
1268 3607 1326 3664 quo
1345 3587 1410 3646 iure
1437 3591 1442 3601 '

317 3759 351 3831 ²⁷)
376 3761 457 3816 Ἀλλά
484 3761 549 3818 ante
572 3761 618 3816 καί
644 3762 720 3832 apud
739 3760 852 3818 Snidam
875 3760 1034 3818 delendum.
1058 3787 1091 3800 -
1122 3757 1156 3828 ²⁸)
1181 3756 1266 3812 Photi
1289 3757 1413 3827 glossam

242 3832 365 3899 μαγίδες·
386 3837 475 3900 μᾶζαι.
517 3835 562 3887 καί
584 3835 620 3888 τὰ
642 3839 679 3904 τῇ
699 3834 797 3902 Ἑκάτῃ
817 3834 1018 3898 ςιιντελοάμενα
1041 3833 1146 3886 δεῖπνα.
1184 3831 1276 3884 οὕτως
1295 3831 1412 3899 Ἀριςτο-

243 3906 335 3972 φάνης
349 3904 449 3960 Nauck
467 3921 494 3974 p.
509 3909 561 3960 206
581 3905 766 3975 grammatico
784 3903 907 3960 tribuere
922 3903 1024 3960 maluit
1036 3919 1121 3971 qnam
1135 3901 1242 3958 comico
1259 3901 1323 3972 (frg.
1340 3904 1411 3970 644).

243 3976 291 4032 sed
309 3976 380 4032 haec
398 3975 510 4030 dicendi
531 3975 653 4032 termula
675 3977 766 4032 οὕτως
784 3977 800 4028 ὁ
819 3978 895 4030 ostro
917 3974 1021 4043 ubique
1039 3975 1075 4028 cd
1099 3973 1264 4044 scriptorem
1288 3972 1411 4041 aliquem

243 4049 366 4117 spectat,
383 4062 441 4103 non
462 4047 499 4102 ad
516 4047 741 4118 grammaticum.
777 4046 853 4102 idem
876 4047 954 4102 valet
976 4046 1006 4100 in
1028 4046 1116 4112 μάθος
1138 4045 1274 4115 glossam,
1297 4059 1353 4112 qua
1375 4040 1410 4095 de

202 4141 204 4144 ·
242 4119 318 4174 idem
341 4117 460 4176 coniecit
478 4117 578 4176 Nauck
600 4137 628 4188 p.
647 4124 699 4174 20⁷
724 4119 860 4190 [ceterum
884 4120 970 4184 μάθος
993 4116 1087 4187 glossa
1108 4117 1138 4170 in
1161 4115 1284 4171 editione
1308 4113 1413 4168 Naberi

243 4207 300 4246 non
322 4190 435 4261 exstat}
469 4189 500 4246 in
527 4190 638 4257 μαγίδες
665 4190 759 4260 glossa
781 4189 911 4258 equidem
937 4189 1035 4258 potius
1056 4185 1222 4244 crediderim
1246 4201 1296 4254 pro
1320 4185 1412 4238 οὕτως

244 4263 444 4332 Ἀριςτοφάνης
461 4261 638 4318 scribendum
656 4277 716 4318 esse
730 4263 821 4316 οὕτως
835 4261 980 4329 (οφοιςλῆς
998 4259 1061 4316 αολλ.
1081 4259 1187 4316 Pollue.
1206 4257 1275 4322 1.1.;
1294 4255 1413 4310 eandem

244 4335 436 4392 confusionem
457 4331 576 4390 Photius
601 4333 741 4389 commisit
764 4349 785 4390 s.
808 4349 834 4388 v.
861 4334 985 4404 τάλιδος,
1013 4331 1062 4387 ubi
1089 4333 1179 4386 οὕτως
1204 4327 1412 4398 Ἀριςτοφιίνης,

244 4404 370 4478 intelleg.
389 4405 474 4475 Soph.
494 4405 558 4462 Ant.
578 4411 638 4464 629.
