<?xml version="1.0" encoding="UTF-8"?>
<!DOCTYPE html PUBLIC "-//W3C//DTD XHTML 1.0 Transitional//EN"
    "http://www.w3.org/TR/xhtml1/DTD/xhtml1-transitional.dtd">
<html xmlns="http://www.w3.org/1999/xhtml" xml:lang="en" lang="en">
 <head>
  <title>
</title>
<meta http-equiv="Content-Type" content="text/html;charset=utf-8" />
  <meta name='ocr-system' content='tesseract 3.04.00' />
  <meta name='ocr-capabilities' content='ocr_page ocr_carea ocr_par ocr_line ocrx_word'/>
</head>
<body>
  <div class='ocr_page' id='page_1' title='image "./dearistophaneby00cohngoog_0077.png"; bbox 0 0 3102 5158; ppageno 0'>
   <div class='ocr_carea' id='block_1_1' title="bbox 228 229 932 300">
    <p class='ocr_par' dir='ltr' id='par_1_1' title="bbox 228 229 932 300">
     <span class='ocr_line' id='line_1_1' title="bbox 228 229 932 300; baseline -0.014 -6"><span class='ocrx_word' id='word_1_1' title='bbox 228 229 294 294; x_wconf 81' lang='lat'>354</span> <span class='ocrx_word' id='word_1_2' title='bbox 697 229 824 300; x_wconf 86' lang='lat' dir='ltr'>Leopold</span> <span class='ocrx_word' id='word_1_3' title='bbox 841 229 932 286; x_wconf 85' lang='lat' dir='ltr'>Cohn:</span> 
     </span>
    </p>
   </div>
   <div class='ocr_carea' id='block_1_2' title="bbox 226 391 1407 2526">
    <p class='ocr_par' dir='ltr' id='par_1_2' title="bbox 228 391 1407 495">
     <span class='ocr_line' id='line_1_2' title="bbox 228 391 1407 495; baseline -0.003 -35"><span class='ocrx_word' id='word_1_4' title='bbox 228 394 392 474; x_wconf 85' lang='grc' dir='ltr'>Ἀθήνηαν</span> <span class='ocrx_word' id='word_1_5' title='bbox 406 395 443 458; x_wconf 83' lang='grc' dir='ltr'>ἐν</span> <span class='ocrx_word' id='word_1_6' title='bbox 460 391 596 480; x_wconf 82' lang='grc' dir='ltr'>Ἡλιαίᾳ]</span> <span class='ocrx_word' id='word_1_7' title='bbox 613 395 664 459; x_wconf 87' lang='grc' dir='ltr'>καὶ</span> <span class='ocrx_word' id='word_1_8' title='bbox 677 415 789 474; x_wconf 86' lang='grc' dir='ltr'>παροι·</span> <span class='ocrx_word' id='word_1_9' title='bbox 811 398 815 495; x_wconf 68' lang='lat' dir='ltr'>l</span> <span class='ocrx_word' id='word_1_10' title='bbox 840 396 998 474; x_wconf 83' lang='grc' dir='ltr'>ἐγχειρεῖν</span> <span class='ocrx_word' id='word_1_11' title='bbox 1016 393 1172 472; x_wconf 87' lang='grc' dir='ltr'>ἀπατῆ(αι</span> <span class='ocrx_word' id='word_1_12' title='bbox 1195 394 1253 457; x_wconf 89' lang='grc' dir='ltr'>τὸν</span> <span class='ocrx_word' id='word_1_13' title='bbox 1277 392 1350 458; x_wconf 89' lang='grc' dir='ltr'>Δία.</span> <span class='ocrx_word' id='word_1_14' title='bbox 1383 395 1407 473; x_wconf 87' lang='grc' dir='ltr'>ἡ</span> 
     </span>
    </p>

    <p class='ocr_par' dir='ltr' id='par_1_3' title="bbox 228 482 1407 597">
     <span class='ocr_line' id='line_1_3' title="bbox 228 482 1407 597; baseline -0.002 -49"><span class='ocrx_word' id='word_1_15' title='bbox 228 484 282 563; x_wconf 87' lang='grc' dir='ltr'>μία</span> <span class='ocrx_word' id='word_1_16' title='bbox 305 483 523 563; x_wconf 82' lang='grc' dir='ltr'>κερκωπίῑειν·</span> <span class='ocrx_word' id='word_1_17' title='bbox 552 485 686 562; x_wconf 86' lang='grc' dir='ltr'>καὶμὴν</span> <span class='ocrx_word' id='word_1_18' title='bbox 711 484 790 548; x_wconf 90' lang='grc' dir='ltr'>αὐτὸ</span> <span class='ocrx_word' id='word_1_19' title='bbox 812 500 815 597; x_wconf 51' lang='grc' dir='ltr'>γ</span> <span class='ocrx_word' id='word_1_20' title='bbox 840 486 876 548; x_wconf 82' lang='grc' dir='ltr'>δὲ</span> <span class='ocrx_word' id='word_1_21' title='bbox 900 483 1054 562; x_wconf 86' lang='grc' dir='ltr'>παροιμία</span> <span class='ocrx_word' id='word_1_22' title='bbox 1077 482 1293 561; x_wconf 85' lang='grc' dir='ltr'>κερκωπίζειν,</span> <span class='ocrx_word' id='word_1_23' title='bbox 1318 486 1360 562; x_wconf 91' lang='grc' dir='ltr'>ἣν</span> <span class='ocrx_word' id='word_1_24' title='bbox 1384 483 1407 546; x_wconf 86' lang='grc' dir='ltr'>ὁ</span> 
     </span>
    </p>

    <p class='ocr_par' dir='ltr' id='par_1_4' title="bbox 227 571 1406 656">
     <span class='ocr_line' id='line_1_4' title="bbox 227 571 1406 656; baseline -0.002 -18"><span class='ocrx_word' id='word_1_25' title='bbox 227 573 366 652; x_wconf 88' lang='grc' dir='ltr'>εἰρή(θαί</span> <span class='ocrx_word' id='word_1_26' title='bbox 394 573 471 651; x_wconf 84' lang='grc' dir='ltr'>φατί</span> <span class='ocrx_word' id='word_1_27' title='bbox 494 594 577 637; x_wconf 83' lang='grc' dir='ltr'>τινε(</span> <span class='ocrx_word' id='word_1_28' title='bbox 604 571 669 637; x_wconf 88' lang='grc' dir='ltr'>ἀπὸ</span> <span class='ocrx_word' id='word_1_29' title='bbox 696 573 790 656; x_wconf 82' lang='grc' dir='ltr'>Ζῴων</span> <span class='ocrx_word' id='word_1_30' title='bbox 842 574 1024 651; x_wconf 83' lang='grc' dir='ltr'>Κρύτιππο(</span> <span class='ocrx_word' id='word_1_31' title='bbox 1047 571 1112 636; x_wconf 88' lang='grc' dir='ltr'>ἀπὸ</span> <span class='ocrx_word' id='word_1_32' title='bbox 1135 575 1201 635; x_wconf 88' lang='grc' dir='ltr'>τών</span> <span class='ocrx_word' id='word_1_33' title='bbox 1226 571 1406 636; x_wconf 90' lang='grc' dir='ltr'>(αινόντων</span> 
     </span>
    </p>

    <p class='ocr_par' dir='ltr' id='par_1_5' title="bbox 228 660 1405 830">
     <span class='ocr_line' id='line_1_5' title="bbox 228 660 1405 748; baseline 0 -22"><span class='ocrx_word' id='word_1_34' title='bbox 228 660 487 742; x_wconf 75' lang='grc' dir='ltr'>προεεαινόντων</span> <span class='ocrx_word' id='word_1_35' title='bbox 509 668 547 748; x_wconf 87' lang='grc' dir='ltr'>τῇ</span> <span class='ocrx_word' id='word_1_36' title='bbox 571 663 680 745; x_wconf 86' lang='grc' dir='ltr'>κέρκῳ.</span> <span class='ocrx_word' id='word_1_37' title='bbox 840 668 878 746; x_wconf 85' lang='grc' dir='ltr'>τῇ</span> <span class='ocrx_word' id='word_1_38' title='bbox 897 663 997 745; x_wconf 84' lang='grc' dir='ltr'>κε’ρκιμ</span> <span class='ocrx_word' id='word_1_39' title='bbox 1018 662 1112 744; x_wconf 80' lang='grc' dir='ltr'>ζώων</span> <span class='ocrx_word' id='word_1_40' title='bbox 1135 661 1211 740; x_wconf 84' lang='grc' dir='ltr'>φητὶ</span> <span class='ocrx_word' id='word_1_41' title='bbox 1234 662 1405 741; x_wconf 86' lang='grc' dir='ltr'>μετενηνέ-</span> 
     </span>
     <span class='ocr_line' id='line_1_6' title="bbox 840 759 921 830; baseline -0.025 -14"><span class='ocrx_word' id='word_1_42' title='bbox 840 759 921 830; x_wconf 87' lang='grc' dir='ltr'>χθαι.</span> 
     </span>
    </p>

    <p class='ocr_par' dir='ltr' id='par_1_6' title="bbox 226 853 1404 2186">
     <span class='ocr_line' id='line_1_7' title="bbox 317 853 1404 944; baseline 0.001 -22"><span class='ocrx_word' id='word_1_43' title='bbox 317 863 459 923; x_wconf 78' lang='lat' dir='ltr'>Eustuthi</span> <span class='ocrx_word' id='word_1_44' title='bbox 481 863 575 923; x_wconf 80' lang='lat' dir='ltr'>verbu</span> <span class='ocrx_word' id='word_1_45' title='bbox 592 853 636 944; x_wconf 88' lang='lat' dir='ltr'>(p.</span> <span class='ocrx_word' id='word_1_46' title='bbox 658 865 753 936; x_wconf 90' lang='grc'>1669,</span> <span class='ocrx_word' id='word_1_47' title='bbox 772 857 830 940; x_wconf 86' lang='grc'>60)</span> <span class='ocrx_word' id='word_1_48' title='bbox 852 856 914 938; x_wconf 85' lang='grc' dir='ltr'>ἀφ’</span> <span class='ocrx_word' id='word_1_49' title='bbox 932 856 979 923; x_wconf 85' lang='grc' dir='ltr'>ὧν</span> <span class='ocrx_word' id='word_1_50' title='bbox 998 895 1039 904; x_wconf 90' lang='grc'><strong>-</strong></span> <span class='ocrx_word' id='word_1_51' title='bbox 1059 864 1097 942; x_wconf 87' lang='grc' dir='ltr'>τῇ</span> <span class='ocrx_word' id='word_1_52' title='bbox 1116 858 1217 941; x_wconf 83' lang='grc' dir='ltr'>κε’ρκῳ</span> <span class='ocrx_word' id='word_1_53' title='bbox 1240 883 1312 922; x_wconf 91' lang='lat' dir='ltr'>num</span> <span class='ocrx_word' id='word_1_54' title='bbox 1331 863 1404 923; x_wconf 84' lang='lat' dir='ltr'>Sue-</span> 
     </span>
     <span class='ocr_line' id='line_1_8' title="bbox 228 944 1404 1032; baseline -0.002 -20"><span class='ocrx_word' id='word_1_55' title='bbox 228 953 352 1013; x_wconf 84' lang='lat' dir='ltr'>tonisne</span> <span class='ocrx_word' id='word_1_56' title='bbox 369 954 471 1012; x_wconf 87' lang='lat' dir='ltr'>essent</span> <span class='ocrx_word' id='word_1_57' title='bbox 488 951 647 1011; x_wconf 85' lang='lat' dir='ltr'>Freeenius</span> <span class='ocrx_word' id='word_1_58' title='bbox 667 944 711 1032; x_wconf 90' lang='lat' dir='ltr'>(p.</span> <span class='ocrx_word' id='word_1_59' title='bbox 731 946 787 1029; x_wconf 80' lang='grc'>64)</span> <span class='ocrx_word' id='word_1_60' title='bbox 806 951 965 1012; x_wconf 81' lang='lat' dir='ltr'>dubitavit.</span> <span class='ocrx_word' id='word_1_61' title='bbox 1001 951 1139 1028; x_wconf 84' lang='lat' dir='ltr'>equidem</span> <span class='ocrx_word' id='word_1_62' title='bbox 1158 955 1192 1010; x_wconf 83' lang='lat' dir='ltr'>ut</span> <span class='ocrx_word' id='word_1_63' title='bbox 1209 953 1404 1027; x_wconf 83' lang='lat' dir='ltr'>proverbium</span> 
     </span>
     <span class='ocr_line' id='line_1_9' title="bbox 229 1036 1403 1116; baseline 0 -15"><span class='ocrx_word' id='word_1_64' title='bbox 229 1036 436 1116; x_wconf 79' lang='grc' dir='ltr'>κερκωπίζειν</span> <span class='ocrx_word' id='word_1_65' title='bbox 454 1040 594 1101; x_wconf 76' lang='lat' dir='ltr'><strong>Suetonio</strong></span> <span class='ocrx_word' id='word_1_66' title='bbox 613 1042 746 1102; x_wconf 84' lang='lat' dir='ltr'>tribuum</span> <span class='ocrx_word' id='word_1_67' title='bbox 761 1040 869 1100; x_wconf 78' lang='lat' dir='ltr'>Suidue</span> <span class='ocrx_word' id='word_1_68' title='bbox 888 1060 1032 1100; x_wconf 84' lang='lat' dir='ltr'>consensu</span> <span class='ocrx_word' id='word_1_69' title='bbox 1052 1041 1191 1100; x_wconf 79' lang='lat' dir='ltr'>adducor.</span> <span class='ocrx_word' id='word_1_70' title='bbox 1219 1041 1312 1102; x_wconf 81' lang='lat' dir='ltr'>verbe</span> <span class='ocrx_word' id='word_1_71' title='bbox 1330 1061 1403 1102; x_wconf 89' lang='lat' dir='ltr'>vero</span> 
     </span>
     <span class='ocr_line' id='line_1_10' title="bbox 228 1124 1403 1208; baseline 0.001 -19"><span class='ocrx_word' id='word_1_72' title='bbox 228 1126 333 1205; x_wconf 87' lang='grc' dir='ltr'>ἀγορὰ</span> <span class='ocrx_word' id='word_1_73' title='bbox 359 1127 539 1204; x_wconf 85' lang='grc' dir='ltr'>καλουμένη</span> <span class='ocrx_word' id='word_1_74' title='bbox 569 1126 748 1204; x_wconf 88' lang='grc' dir='ltr'>Κερκώπων</span> <span class='ocrx_word' id='word_1_75' title='bbox 777 1124 939 1205; x_wconf 84' lang='grc' dir='ltr'>Ἀθήνητιν</span> <span class='ocrx_word' id='word_1_76' title='bbox 966 1127 1003 1189; x_wconf 82' lang='grc' dir='ltr'>ἐν</span> <span class='ocrx_word' id='word_1_77' title='bbox 1025 1125 1149 1208; x_wconf 84' lang='grc' dir='ltr'>Ἡλιαίᾳ</span> <span class='ocrx_word' id='word_1_78' title='bbox 1176 1130 1262 1190; x_wconf 83' lang='lat' dir='ltr'>Eust.</span> <span class='ocrx_word' id='word_1_79' title='bbox 1285 1131 1322 1189; x_wconf 86' lang='lat' dir='ltr'>de</span> <span class='ocrx_word' id='word_1_80' title='bbox 1347 1150 1403 1190; x_wconf 88' lang='lat' dir='ltr'>suo</span> 
     </span>
     <span class='ocr_line' id='line_1_11' title="bbox 227 1213 1403 1298; baseline 0 -20"><span class='ocrx_word' id='word_1_81' title='bbox 227 1219 334 1282; x_wconf 84' lang='lat' dir='ltr'>adiecit</span> <span class='ocrx_word' id='word_1_82' title='bbox 353 1213 403 1298; x_wconf 80' lang='grc' dir='ltr'>(ἐν</span> <span class='ocrx_word' id='word_1_83' title='bbox 422 1219 522 1278; x_wconf 85' lang='lat' dir='ltr'>dicens</span> <span class='ocrx_word' id='word_1_84' title='bbox 540 1237 594 1294; x_wconf 92' lang='lat' dir='ltr'>pro</span> <span class='ocrx_word' id='word_1_85' title='bbox 613 1215 760 1296; x_wconf 76' lang='grc' dir='ltr'>πληείον)</span> <span class='ocrx_word' id='word_1_86' title='bbox 783 1223 922 1294; x_wconf 86' lang='lat' dir='ltr'>repetens</span> <span class='ocrx_word' id='word_1_87' title='bbox 945 1219 999 1278; x_wconf 86' lang='lat' dir='ltr'>ills</span> <span class='ocrx_word' id='word_1_88' title='bbox 1022 1237 1099 1294; x_wconf 79' lang='lat' dir='ltr'>quse</span> <span class='ocrx_word' id='word_1_89' title='bbox 1118 1239 1134 1278; x_wconf 85' lang='lat' dir='ltr'>e</span> <span class='ocrx_word' id='word_1_90' title='bbox 1156 1219 1249 1279; x_wconf 83' lang='lat' dir='ltr'>lexico</span> <span class='ocrx_word' id='word_1_91' title='bbox 1273 1221 1403 1294; x_wconf 82' lang='lat' dir='ltr'>quodum</span> 
     </span>
     <span class='ocr_line' id='line_1_12' title="bbox 229 1301 1402 1384; baseline 0.002 -18"><span class='ocrx_word' id='word_1_92' title='bbox 229 1309 377 1368; x_wconf 78' lang='lat' dir='ltr'>rhetorico</span> <span class='ocrx_word' id='word_1_93' title='bbox 396 1309 564 1384; x_wconf 72' lang='lat' dir='ltr'>protulerat</span> <span class='ocrx_word' id='word_1_94' title='bbox 582 1327 610 1383; x_wconf 90' lang='lat' dir='ltr'>p.</span> <span class='ocrx_word' id='word_1_95' title='bbox 628 1309 722 1381; x_wconf 82' lang='grc'>1430,</span> <span class='ocrx_word' id='word_1_96' title='bbox 738 1310 793 1368; x_wconf 85' lang='lat'>35:</span> <span class='ocrx_word' id='word_1_97' title='bbox 812 1304 851 1382; x_wconf 85' lang='grc' dir='ltr'>ἦν</span> <span class='ocrx_word' id='word_1_98' title='bbox 870 1305 914 1382; x_wconf 83' lang='grc' dir='ltr'>δέ,</span> <span class='ocrx_word' id='word_1_99' title='bbox 934 1323 1019 1382; x_wconf 88' lang='grc' dir='ltr'>φαει,</span> <span class='ocrx_word' id='word_1_100' title='bbox 1039 1305 1089 1367; x_wconf 88' lang='grc' dir='ltr'>καὶ</span> <span class='ocrx_word' id='word_1_101' title='bbox 1102 1301 1206 1382; x_wconf 83' lang='grc' dir='ltr'>ἀγορὰ</span> <span class='ocrx_word' id='word_1_102' title='bbox 1222 1303 1402 1382; x_wconf 89' lang='grc' dir='ltr'>Κερκώπων</span> 
     </span>
     <span class='ocr_line' id='line_1_13' title="bbox 227 1391 1402 1472; baseline 0 -15"><span class='ocrx_word' id='word_1_103' title='bbox 227 1391 370 1472; x_wconf 82' lang='grc' dir='ltr'>Ἀθήνηα</span> <span class='ocrx_word' id='word_1_104' title='bbox 389 1392 523 1470; x_wconf 91' lang='grc' dir='ltr'>πλη(ίον</span> <span class='ocrx_word' id='word_1_105' title='bbox 540 1392 674 1472; x_wconf 89' lang='grc' dir='ltr'>ἡλιαία(,</span> <span class='ocrx_word' id='word_1_106' title='bbox 693 1391 771 1456; x_wconf 84' lang='grc' dir='ltr'>ἔνθα</span> <span class='ocrx_word' id='word_1_107' title='bbox 789 1393 829 1456; x_wconf 85' lang='grc' dir='ltr'>τὰ</span> <span class='ocrx_word' id='word_1_108' title='bbox 847 1396 1019 1470; x_wconf 88' lang='grc' dir='ltr'>κλοπιμαῖα</span> <span class='ocrx_word' id='word_1_109' title='bbox 1034 1393 1231 1456; x_wconf 82' lang='grc' dir='ltr'>ἐπωλοῦντο.</span> <span class='ocrx_word' id='word_1_110' title='bbox 1258 1397 1402 1457; x_wconf 87' lang='grc' dir='ltr'>τοιοῦτοι</span> 
     </span>
     <span class='ocr_line' id='line_1_14' title="bbox 227 1481 1401 1563; baseline 0.001 -18"><span class='ocrx_word' id='word_1_111' title='bbox 227 1482 289 1560; x_wconf 89' lang='grc' dir='ltr'>γὰρ</span> <span class='ocrx_word' id='word_1_112' title='bbox 308 1483 359 1545; x_wconf 87' lang='grc' dir='ltr'>καὶ</span> <span class='ocrx_word' id='word_1_113' title='bbox 377 1481 408 1546; x_wconf 81' lang='grc' dir='ltr'>ολ</span> <span class='ocrx_word' id='word_1_114' title='bbox 428 1481 595 1559; x_wconf 89' lang='grc' dir='ltr'>Κέρκωπε(</span> <span class='ocrx_word' id='word_1_115' title='bbox 613 1483 827 1563; x_wconf 86' lang='grc' dir='ltr'>περιᾲδονται,</span> <span class='ocrx_word' id='word_1_116' title='bbox 851 1484 983 1546; x_wconf 87' lang='grc' dir='ltr'>κλέπται</span> <span class='ocrx_word' id='word_1_117' title='bbox 1002 1482 1124 1560; x_wconf 83' lang='grc' dir='ltr'>δηλαδή</span> <span class='ocrx_word' id='word_1_118' title='bbox 1144 1481 1195 1544; x_wconf 89' lang='grc' dir='ltr'>καὶ</span> <span class='ocrx_word' id='word_1_119' title='bbox 1213 1486 1401 1560; x_wconf 87' lang='grc' dir='ltr'>πανοῦργοι.</span> 
     </span>
     <span class='ocr_line' id='line_1_15' title="bbox 227 1573 1401 1650; baseline 0.001 -16"><span class='ocrx_word' id='word_1_120' title='bbox 227 1576 332 1635; x_wconf 83' lang='lat' dir='ltr'>eedem</span> <span class='ocrx_word' id='word_1_121' title='bbox 350 1594 427 1650; x_wconf 83' lang='lat' dir='ltr'>quse</span> <span class='ocrx_word' id='word_1_122' title='bbox 447 1574 606 1634; x_wconf 81' lang='lat' dir='ltr'>Suetonius</span> <span class='ocrx_word' id='word_1_123' title='bbox 625 1579 656 1633; x_wconf 87' lang='lat' dir='ltr'>et</span> <span class='ocrx_word' id='word_1_124' title='bbox 675 1574 781 1634; x_wconf 85' lang='lat' dir='ltr'>Suides</span> <span class='ocrx_word' id='word_1_125' title='bbox 800 1575 933 1634; x_wconf 84' lang='lat' dir='ltr'>breviter</span> <span class='ocrx_word' id='word_1_126' title='bbox 951 1577 1055 1634; x_wconf 74' lang='lat' dir='ltr'>narret</span> <span class='ocrx_word' id='word_1_127' title='bbox 1073 1574 1182 1635; x_wconf 88' lang='lat' dir='ltr'>Zenob.</span> <span class='ocrx_word' id='word_1_128' title='bbox 1201 1573 1244 1631; x_wconf 88' lang='lat' dir='ltr'>IV</span> <span class='ocrx_word' id='word_1_129' title='bbox 1263 1576 1306 1635; x_wconf 82' lang='lat'>50</span> <span class='ocrx_word' id='word_1_130' title='bbox 1331 1593 1401 1650; x_wconf 87' lang='grc' dir='ltr'>κερ-</span> 
     </span>
     <span class='ocr_line' id='line_1_16' title="bbox 227 1657 1402 1742; baseline 0.001 -19"><span class='ocrx_word' id='word_1_131' title='bbox 227 1659 388 1725; x_wconf 80' lang='grc' dir='ltr'>κωπίζειν·</span> <span class='ocrx_word' id='word_1_132' title='bbox 415 1660 435 1739; x_wconf 89' lang='grc' dir='ltr'>ἡ</span> <span class='ocrx_word' id='word_1_133' title='bbox 464 1659 616 1738; x_wconf 87' lang='grc' dir='ltr'>παροιμία</span> <span class='ocrx_word' id='word_1_134' title='bbox 642 1657 708 1723; x_wconf 88' lang='grc' dir='ltr'>ἀπὸ</span> <span class='ocrx_word' id='word_1_135' title='bbox 737 1663 802 1724; x_wconf 89' lang='grc' dir='ltr'>τών</span> <span class='ocrx_word' id='word_1_136' title='bbox 830 1658 1089 1738; x_wconf 86' lang='grc' dir='ltr'>προ((αινόντών</span> <span class='ocrx_word' id='word_1_137' title='bbox 1116 1665 1154 1742; x_wconf 84' lang='grc' dir='ltr'>τῇ</span> <span class='ocrx_word' id='word_1_138' title='bbox 1181 1660 1283 1742; x_wconf 86' lang='grc' dir='ltr'>κέρκῳ</span> <span class='ocrx_word' id='word_1_139' title='bbox 1306 1661 1402 1742; x_wconf 83' lang='grc' dir='ltr'>ζώων</span> 
     </span>
     <span class='ocr_line' id='line_1_17' title="bbox 228 1745 1402 1827; baseline 0 -14"><span class='ocrx_word' id='word_1_140' title='bbox 228 1751 457 1827; x_wconf 85' lang='grc' dir='ltr'>μετενήνεκται.</span> <span class='ocrx_word' id='word_1_141' title='bbox 486 1745 617 1827; x_wconf 87' lang='grc' dir='ltr'>ἄμεινον</span> <span class='ocrx_word' id='word_1_142' title='bbox 631 1749 667 1812; x_wconf 82' lang='grc' dir='ltr'>δὲ</span> <span class='ocrx_word' id='word_1_143' title='bbox 682 1746 747 1812; x_wconf 89' lang='grc' dir='ltr'>ἀπὸ</span> <span class='ocrx_word' id='word_1_144' title='bbox 762 1752 828 1812; x_wconf 90' lang='grc' dir='ltr'>τῶν</span> <span class='ocrx_word' id='word_1_145' title='bbox 845 1749 1033 1826; x_wconf 87' lang='grc' dir='ltr'>Κερκώπων,</span> <span class='ocrx_word' id='word_1_146' title='bbox 1053 1748 1108 1812; x_wconf 84' lang='grc' dir='ltr'>οὓ(</span> <span class='ocrx_word' id='word_1_147' title='bbox 1123 1749 1195 1826; x_wconf 87' lang='grc' dir='ltr'>περὶ</span> <span class='ocrx_word' id='word_1_148' title='bbox 1210 1749 1268 1827; x_wconf 84' lang='grc' dir='ltr'>τήν</span> <span class='ocrx_word' id='word_1_149' title='bbox 1282 1748 1402 1813; x_wconf 88' lang='grc' dir='ltr'>Λυδίαν</span> 
     </span>
     <span class='ocr_line' id='line_1_18' title="bbox 226 1835 1401 1917; baseline 0.001 -16"><span class='ocrx_word' id='word_1_150' title='bbox 226 1838 402 1917; x_wconf 87' lang='grc' dir='ltr'>ἱ(τοροῦ(ιν</span> <span class='ocrx_word' id='word_1_151' title='bbox 420 1836 605 1916; x_wconf 82' lang='grc' dir='ltr'>ἀποτηλοῦ(</span> <span class='ocrx_word' id='word_1_152' title='bbox 619 1836 745 1916; x_wconf 86' lang='grc' dir='ltr'>(φόδρα</span> <span class='ocrx_word' id='word_1_153' title='bbox 764 1838 814 1901; x_wconf 88' lang='grc' dir='ltr'>καὶ</span> <span class='ocrx_word' id='word_1_154' title='bbox 827 1835 936 1916; x_wconf 81' lang='grc' dir='ltr'>ἀηδεῑ(</span> <span class='ocrx_word' id='word_1_155' title='bbox 951 1838 1108 1914; x_wconf 75' lang='grc' dir='ltr'>γενέεθαι·</span> <span class='ocrx_word' id='word_1_156' title='bbox 1127 1835 1207 1914; x_wconf 83' lang='grc' dir='ltr'>παρ’</span> <span class='ocrx_word' id='word_1_157' title='bbox 1220 1837 1239 1900; x_wconf 89' lang='grc' dir='ltr'>ὃ</span> <span class='ocrx_word' id='word_1_158' title='bbox 1254 1838 1305 1900; x_wconf 82' lang='grc' dir='ltr'>καί</span> <span class='ocrx_word' id='word_1_159' title='bbox 1318 1835 1401 1902; x_wconf 86' lang='grc' dir='ltr'>ἀπο-</span> 
     </span>
     <span class='ocr_line' id='line_1_19' title="bbox 228 1923 1402 2010; baseline 0 -20"><span class='ocrx_word' id='word_1_160' title='bbox 228 1930 399 2006; x_wconf 88' lang='grc' dir='ltr'>λιθωθῆναι</span> <span class='ocrx_word' id='word_1_161' title='bbox 413 1925 543 1990; x_wconf 85' lang='grc' dir='ltr'>αὐτούε·</span> <span class='ocrx_word' id='word_1_162' title='bbox 557 1927 609 1990; x_wconf 89' lang='grc' dir='ltr'>καὶ</span> <span class='ocrx_word' id='word_1_163' title='bbox 621 1925 770 2005; x_wconf 86' lang='grc' dir='ltr'>Ἡρακλεῖ</span> <span class='ocrx_word' id='word_1_164' title='bbox 784 1927 819 1990; x_wconf 84' lang='grc' dir='ltr'>δὲ</span> <span class='ocrx_word' id='word_1_165' title='bbox 834 1927 1078 2007; x_wconf 65' lang='grc' dir='ltr'>ἐνοχλήταντα(</span> <span class='ocrx_word' id='word_1_166' title='bbox 1088 1923 1143 1990; x_wconf 88' lang='grc' dir='ltr'>ὅτε</span> <span class='ocrx_word' id='word_1_167' title='bbox 1158 1923 1238 2004; x_wconf 81' lang='grc' dir='ltr'>παρ’</span> <span class='ocrx_word' id='word_1_168' title='bbox 1251 1924 1402 2010; x_wconf 86' lang='grc' dir='ltr'>Ὀμφάλῃ</span> 
     </span>
     <span class='ocr_line' id='line_1_20' title="bbox 226 2013 1402 2096; baseline 0 -16"><span class='ocrx_word' id='word_1_169' title='bbox 226 2017 274 2096; x_wconf 85' lang='grc' dir='ltr'>ἦν,</span> <span class='ocrx_word' id='word_1_170' title='bbox 293 2019 485 2095; x_wconf 76' lang='grc' dir='ltr'>κολαεθῆναι</span> <span class='ocrx_word' id='word_1_171' title='bbox 499 2017 550 2080; x_wconf 91' lang='grc' dir='ltr'>καὶ</span> <span class='ocrx_word' id='word_1_172' title='bbox 566 2015 609 2080; x_wconf 81' lang='grc' dir='ltr'>εί(</span> <span class='ocrx_word' id='word_1_173' title='bbox 623 2017 775 2094; x_wconf 82' lang='grc' dir='ltr'>πιθήκου(</span> <span class='ocrx_word' id='word_1_174' title='bbox 790 2017 825 2079; x_wconf 83' lang='grc' dir='ltr'>δὲ</span> <span class='ocrx_word' id='word_1_175' title='bbox 840 2013 956 2079; x_wconf 86' lang='grc' dir='ltr'>αὐτοὺ(</span> <span class='ocrx_word' id='word_1_176' title='bbox 971 2019 1162 2095; x_wconf 84' lang='grc' dir='ltr'>μεταβαλεῖν</span> <span class='ocrx_word' id='word_1_177' title='bbox 1177 2013 1196 2078; x_wconf 83' lang='grc' dir='ltr'>ὁ</span> <span class='ocrx_word' id='word_1_178' title='bbox 1210 2015 1402 2094; x_wconf 89' lang='grc' dir='ltr'>Ξεναγόρα(</span> 
     </span>
     <span class='ocr_line' id='line_1_21' title="bbox 227 2105 1013 2186; baseline -0.003 -17"><span class='ocrx_word' id='word_1_179' title='bbox 227 2105 331 2185; x_wconf 75' lang='grc' dir='ltr'>φηείν.</span> <span class='ocrx_word' id='word_1_180' title='bbox 370 2111 407 2170; x_wconf 88' lang='lat' dir='ltr'>ef.</span> <span class='ocrx_word' id='word_1_181' title='bbox 425 2109 569 2185; x_wconf 83' lang='lat' dir='ltr'>Herpoor.</span> <span class='ocrx_word' id='word_1_182' title='bbox 590 2128 612 2170; x_wconf 81' lang='lat' dir='ltr'>s</span> <span class='ocrx_word' id='word_1_183' title='bbox 631 2130 658 2169; x_wconf 87' lang='grc' dir='ltr'>τ.</span> <span class='ocrx_word' id='word_1_184' title='bbox 679 2109 770 2170; x_wconf 78' lang='lat' dir='ltr'>schol.</span> <span class='ocrx_word' id='word_1_185' title='bbox 789 2108 860 2168; x_wconf 79' lang='lat' dir='ltr'>Luc.</span> <span class='ocrx_word' id='word_1_186' title='bbox 880 2107 964 2186; x_wconf 62' lang='lat' dir='ltr'>Alex„</span> <span class='ocrx_word' id='word_1_187' title='bbox 984 2110 1013 2167; x_wconf 86' lang='grc'>4.</span> 
     </span>
    </p>

    <p class='ocr_par' dir='ltr' id='par_1_7' title="bbox 228 2197 1402 2526">
     <span class='ocr_line' id='line_1_22' title="bbox 315 2197 1402 2274; baseline 0 -17"><span class='ocrx_word' id='word_1_188' title='bbox 315 2199 466 2274; x_wconf 83' lang='lat' dir='ltr'>Exemplis</span> <span class='ocrx_word' id='word_1_189' title='bbox 490 2217 566 2274; x_wconf 84' lang='lat' dir='ltr'>queo</span> <span class='ocrx_word' id='word_1_190' title='bbox 589 2198 717 2258; x_wconf 79' lang='lat' dir='ltr'>tracturi</span> <span class='ocrx_word' id='word_1_191' title='bbox 737 2197 811 2258; x_wconf 81' lang='lat' dir='ltr'>setis</span> <span class='ocrx_word' id='word_1_192' title='bbox 831 2215 980 2274; x_wconf 85' lang='lat' dir='ltr'>superque</span> <span class='ocrx_word' id='word_1_193' title='bbox 998 2217 1046 2256; x_wconf 89' lang='lat' dir='ltr'>me</span> <span class='ocrx_word' id='word_1_194' title='bbox 1069 2199 1290 2256; x_wconf 79' lang='lat' dir='ltr'>demonstrasse</span> <span class='ocrx_word' id='word_1_195' title='bbox 1313 2217 1402 2272; x_wconf 87' lang='lat' dir='ltr'>spero</span> 
     </span>
     <span class='ocr_line' id='line_1_23' title="bbox 230 2283 1402 2363; baseline -0.001 -17"><span class='ocrx_word' id='word_1_196' title='bbox 230 2290 367 2363; x_wconf 81' lang='lat' dir='ltr'>exoerpte</span> <span class='ocrx_word' id='word_1_197' title='bbox 385 2287 456 2346; x_wconf 88' lang='lat' dir='ltr'>libri</span> <span class='ocrx_word' id='word_1_198' title='bbox 475 2283 547 2360; x_wconf 85' lang='grc' dir='ltr'>περὶ</span> <span class='ocrx_word' id='word_1_199' title='bbox 568 2285 774 2362; x_wconf 74' lang='grc' dir='ltr'>βλαεφημιῶν</span> <span class='ocrx_word' id='word_1_200' title='bbox 794 2286 967 2346; x_wconf 80' lang='lat' dir='ltr'>Suetonieni</span> <span class='ocrx_word' id='word_1_201' title='bbox 986 2305 1051 2346; x_wconf 86' lang='lat' dir='ltr'>esse</span> <span class='ocrx_word' id='word_1_202' title='bbox 1070 2287 1247 2346; x_wconf 75' lang='lat' dir='ltr'>documenta</span> <span class='ocrx_word' id='word_1_203' title='bbox 1264 2288 1402 2345; x_wconf 86' lang='lat' dir='ltr'>vetorum</span> 
     </span>
     <span class='ocr_line' id='line_1_24' title="bbox 229 2375 1401 2452; baseline -0.001 -17"><span class='ocrx_word' id='word_1_204' title='bbox 229 2376 405 2436; x_wconf 89' lang='lat' dir='ltr'>eruditionis</span> <span class='ocrx_word' id='word_1_205' title='bbox 424 2375 694 2436; x_wconf 77' lang='lat' dir='ltr'>Alexandrinorum</span> <span class='ocrx_word' id='word_1_206' title='bbox 713 2394 807 2452; x_wconf 80' lang='lat' dir='ltr'>euque</span> <span class='ocrx_word' id='word_1_207' title='bbox 825 2375 890 2436; x_wconf 83' lang='lat' dir='ltr'>veri</span> <span class='ocrx_word' id='word_1_208' title='bbox 909 2376 1006 2434; x_wconf 81' lang='lat' dir='ltr'>simile·</span> <span class='ocrx_word' id='word_1_209' title='bbox 1025 2393 1090 2436; x_wconf 85' lang='lat' dir='ltr'>esse</span> <span class='ocrx_word' id='word_1_210' title='bbox 1109 2375 1288 2450; x_wconf 81' lang='lat' dir='ltr'>ePumphili</span> <span class='ocrx_word' id='word_1_211' title='bbox 1307 2375 1401 2450; x_wconf 83' lang='lat' dir='ltr'>copiis</span> 
     </span>
     <span class='ocr_line' id='line_1_25' title="bbox 228 2465 629 2526; baseline 0 -2"><span class='ocrx_word' id='word_1_212' title='bbox 228 2486 246 2524; x_wconf 81' lang='lat' dir='ltr'>a</span> <span class='ocrx_word' id='word_1_213' title='bbox 265 2465 408 2526; x_wconf 84' lang='lat' dir='ltr'>Suetonio</span> <span class='ocrx_word' id='word_1_214' title='bbox 426 2484 493 2526; x_wconf 85' lang='lat' dir='ltr'>esse</span> <span class='ocrx_word' id='word_1_215' title='bbox 512 2466 629 2524; x_wconf 80' lang='lat' dir='ltr'>haustu.</span> 
     </span>
    </p>
   </div>
   <div class='ocr_carea' id='block_1_3' title="bbox 442 2621 1181 2717">
    <p class='ocr_par' dir='ltr' id='par_1_8' title="bbox 442 2621 1181 2717">
     <span class='ocr_line' id='line_1_26' title="bbox 442 2621 1181 2717; baseline -0.001 -15"><span class='ocrx_word' id='word_1_216' title='bbox 442 2644 481 2704; x_wconf 89' lang='grc' dir='ltr'>ΙΙ.</span> <span class='ocrx_word' id='word_1_217' title='bbox 509 2638 604 2717; x_wconf 79' lang='grc' dir='ltr'>Περὶ</span> <span class='ocrx_word' id='word_1_218' title='bbox 626 2640 701 2701; x_wconf 89' lang='grc' dir='ltr'>τών</span> <span class='ocrx_word' id='word_1_219' title='bbox 725 2635 813 2717; x_wconf 81' lang='grc' dir='ltr'>παρ’</span> <span class='ocrx_word' id='word_1_220' title='bbox 835 2621 985 2717; x_wconf 58' lang='grc' dir='ltr'>ίΕλλητι</span> <span class='ocrx_word' id='word_1_221' title='bbox 1008 2640 1181 2702; x_wconf 85' lang='grc' dir='ltr'>παιδιῶν.</span> 
     </span>
    </p>
   </div>
   <div class='ocr_carea' id='block_1_4' title="bbox 224 2759 1403 3985">
    <p class='ocr_par' dir='ltr' id='par_1_9' title="bbox 224 2759 1403 3985">
     <span class='ocr_line' id='line_1_27' title="bbox 314 2759 1401 2846; baseline 0 -20"><span class='ocrx_word' id='word_1_222' title='bbox 314 2767 423 2828; x_wconf 86' lang='lat' dir='ltr'>Titulis</span> <span class='ocrx_word' id='word_1_223' title='bbox 443 2767 566 2827; x_wconf 83' lang='lat' dir='ltr'>Suetoni</span> <span class='ocrx_word' id='word_1_224' title='bbox 584 2768 731 2826; x_wconf 82' lang='lat' dir='ltr'>librorum</span> <span class='ocrx_word' id='word_1_225' title='bbox 749 2786 767 2826; x_wconf 83' lang='lat' dir='ltr'>e</span> <span class='ocrx_word' id='word_1_226' title='bbox 786 2767 877 2826; x_wconf 82' lang='lat' dir='ltr'>Suidu</span> <span class='ocrx_word' id='word_1_227' title='bbox 896 2760 933 2846; x_wconf 82' lang='lat' dir='ltr'>(e.</span> <span class='ocrx_word' id='word_1_228' title='bbox 952 2788 979 2827; x_wconf 87' lang='grc' dir='ltr'>τ.</span> <span class='ocrx_word' id='word_1_229' title='bbox 999 2759 1219 2844; x_wconf 79' lang='grc' dir='ltr'>Τράγκυλλο()</span> <span class='ocrx_word' id='word_1_230' title='bbox 1239 2767 1401 2826; x_wconf 85' lang='lat' dir='ltr'>memoriae</span> 
     </span>
     <span class='ocr_line' id='line_1_28' title="bbox 225 2846 1402 2933; baseline 0 -18"><span class='ocrx_word' id='word_1_231' title='bbox 225 2857 351 2933; x_wconf 87' lang='lat' dir='ltr'>proditis</span> <span class='ocrx_word' id='word_1_232' title='bbox 370 2853 442 2930; x_wconf 87' lang='grc' dir='ltr'>περὶ</span> <span class='ocrx_word' id='word_1_233' title='bbox 461 2854 526 2915; x_wconf 90' lang='grc' dir='ltr'>τών</span> <span class='ocrx_word' id='word_1_234' title='bbox 546 2850 624 2931; x_wconf 80' lang='grc' dir='ltr'>παρ’</span> <span class='ocrx_word' id='word_1_235' title='bbox 642 2851 769 2930; x_wconf 74' lang='grc' dir='ltr'>’Έλληιι</span> <span class='ocrx_word' id='word_1_236' title='bbox 788 2853 925 2916; x_wconf 81' lang='grc' dir='ltr'>παιδιῶν</span> <span class='ocrx_word' id='word_1_237' title='bbox 940 2851 1061 2931; x_wconf 87' lang='grc' dir='ltr'>βιβλίον</span> <span class='ocrx_word' id='word_1_238' title='bbox 1076 2846 1122 2914; x_wconf 86' lang='grc' dir='ltr'>α’·</span> <span class='ocrx_word' id='word_1_239' title='bbox 1146 2851 1298 2930; x_wconf 87' lang='grc' dir='ltr'>περὶτῶν</span> <span class='ocrx_word' id='word_1_240' title='bbox 1313 2853 1402 2930; x_wconf 89' lang='grc' dir='ltr'>παρὰ</span> 
     </span>
     <span class='ocr_line' id='line_1_29' title="bbox 224 2938 1400 3020; baseline -0.002 -14"><span class='ocrx_word' id='word_1_241' title='bbox 224 2941 391 3019; x_wconf 75' lang='grc' dir='ltr'>Ῥωμαῖοι(</span> <span class='ocrx_word' id='word_1_242' title='bbox 420 2944 564 3020; x_wconf 83' lang='grc' dir='ltr'>θεωριῶν</span> <span class='ocrx_word' id='word_1_243' title='bbox 590 2941 640 3005; x_wconf 83' lang='grc' dir='ltr'>καὶ</span> <span class='ocrx_word' id='word_1_244' title='bbox 664 2938 803 3017; x_wconf 86' lang='grc' dir='ltr'>ἀγώνων</span> <span class='ocrx_word' id='word_1_245' title='bbox 833 2940 935 3020; x_wconf 89' lang='grc' dir='ltr'>βιβλία</span> <span class='ocrx_word' id='word_1_246' title='bbox 964 2941 991 3020; x_wconf 87' lang='grc' dir='ltr'>β’</span> <span class='ocrx_word' id='word_1_247' title='bbox 1020 2947 1121 3020; x_wconf 72' lang='grc' dir='ltr'>ματαίου</span> <span class='ocrx_word' id='word_1_248' title='bbox 1148 2943 1274 3003; x_wconf 79' lang='lat' dir='ltr'>indicari</span> <span class='ocrx_word' id='word_1_249' title='bbox 1301 2946 1400 3020; x_wconf 86' lang='lat' dir='ltr'>operis</span> 
     </span>
     <span class='ocr_line' id='line_1_30' title="bbox 226 3027 1401 3110; baseline -0.001 -16"><span class='ocrx_word' id='word_1_250' title='bbox 226 3030 375 3096; x_wconf 76' lang='lat' dir='ltr'>‘Ludiors</span> <span class='ocrx_word' id='word_1_251' title='bbox 388 3027 538 3093; x_wconf 82' lang='lat' dir='ltr'>Historie&#39;</span> <span class='ocrx_word' id='word_1_252' title='bbox 557 3034 694 3110; x_wconf 84' lang='lat' dir='ltr'>inseripti</span> <span class='ocrx_word' id='word_1_253' title='bbox 707 3035 794 3094; x_wconf 86' lang='lat' dir='ltr'>feoile</span> <span class='ocrx_word' id='word_1_254' title='bbox 808 3034 995 3093; x_wconf 82' lang='lat' dir='ltr'>intellectum</span> <span class='ocrx_word' id='word_1_255' title='bbox 1010 3035 1063 3093; x_wconf 84' lang='lat' dir='ltr'>est.</span> <span class='ocrx_word' id='word_1_256' title='bbox 1091 3035 1182 3109; x_wconf 83' lang='lat' dir='ltr'>atque</span> <span class='ocrx_word' id='word_1_257' title='bbox 1197 3029 1265 3092; x_wconf 82' lang='lat' dir='ltr'>ou&#39;m</span> <span class='ocrx_word' id='word_1_258' title='bbox 1280 3031 1401 3093; x_wconf 80' lang='lat' dir='ltr'>Servius</span> 
     </span>
     <span class='ocr_line' id='line_1_31' title="bbox 230 3115 1403 3199; baseline -0.001 -16"><span class='ocrx_word' id='word_1_259' title='bbox 230 3123 268 3184; x_wconf 85' lang='lat' dir='ltr'>ud</span> <span class='ocrx_word' id='word_1_260' title='bbox 286 3128 376 3199; x_wconf 85' lang='lat' dir='ltr'>Verg.</span> <span class='ocrx_word' id='word_1_261' title='bbox 394 3123 468 3184; x_wconf 87' lang='lat' dir='ltr'>Aen.</span> <span class='ocrx_word' id='word_1_262' title='bbox 487 3121 515 3177; x_wconf 90' lang='lat' dir='ltr'><strong>V</strong></span> <span class='ocrx_word' id='word_1_263' title='bbox 536 3125 597 3183; x_wconf 82' lang='lat'>602</span> <span class='ocrx_word' id='word_1_264' title='bbox 619 3123 742 3182; x_wconf 84' lang='lat' dir='ltr'>Suetoni</span> <span class='ocrx_word' id='word_1_265' title='bbox 759 3123 870 3182; x_wconf 81' lang='lat' dir='ltr'>librum</span> <span class='ocrx_word' id='word_1_266' title='bbox 890 3116 943 3181; x_wconf 78' lang='lat' dir='ltr'>‘de</span> <span class='ocrx_word' id='word_1_267' title='bbox 961 3141 1122 3198; x_wconf 88' lang='lat' dir='ltr'>puerorum</span> <span class='ocrx_word' id='word_1_268' title='bbox 1140 3115 1273 3182; x_wconf 86' lang='lat' dir='ltr'>lusibus&#39;</span> <span class='ocrx_word' id='word_1_269' title='bbox 1293 3122 1403 3182; x_wconf 79' lang='lat' dir='ltr'>excitet</span> 
     </span>
     <span class='ocr_line' id='line_1_32' title="bbox 229 3205 1401 3288; baseline -0.002 -16"><span class='ocrx_word' id='word_1_270' title='bbox 229 3216 261 3272; x_wconf 88' lang='lat' dir='ltr'>et</span> <span class='ocrx_word' id='word_1_271' title='bbox 278 3212 378 3272; x_wconf 82' lang='lat' dir='ltr'>Acron</span> <span class='ocrx_word' id='word_1_272' title='bbox 396 3213 433 3271; x_wconf 84' lang='lat' dir='ltr'>ad</span> <span class='ocrx_word' id='word_1_273' title='bbox 452 3211 524 3272; x_wconf 90' lang='lat' dir='ltr'>Hor.</span> <span class='ocrx_word' id='word_1_274' title='bbox 544 3215 600 3271; x_wconf 81' lang='lat' dir='ltr'>ert.</span> <span class='ocrx_word' id='word_1_275' title='bbox 619 3215 697 3288; x_wconf 82' lang='lat' dir='ltr'>poet.</span> <span class='ocrx_word' id='word_1_276' title='bbox 717 3214 781 3272; x_wconf 87' lang='grc'>417</span> <span class='ocrx_word' id='word_1_277' title='bbox 803 3205 964 3271; x_wconf 71' lang='lat' dir='ltr'>‘scabiem’</span> <span class='ocrx_word' id='word_1_278' title='bbox 988 3212 1088 3271; x_wconf 85' lang='lat' dir='ltr'>lusum</span> <span class='ocrx_word' id='word_1_279' title='bbox 1111 3229 1272 3287; x_wconf 88' lang='lat' dir='ltr'>puerorum</span> <span class='ocrx_word' id='word_1_280' title='bbox 1290 3231 1308 3270; x_wconf 80' lang='lat' dir='ltr'>a</span> <span class='ocrx_word' id='word_1_281' title='bbox 1327 3210 1401 3270; x_wconf 76' lang='lat' dir='ltr'>Sue·</span> 
     </span>
     <span class='ocr_line' id='line_1_33' title="bbox 226 3300 1402 3377; baseline -0.002 -15"><span class='ocrx_word' id='word_1_282' title='bbox 226 3303 306 3362; x_wconf 89' lang='lat' dir='ltr'>tonio</span> <span class='ocrx_word' id='word_1_283' title='bbox 325 3303 490 3362; x_wconf 77' lang='lat' dir='ltr'>tractatum</span> <span class='ocrx_word' id='word_1_284' title='bbox 509 3320 575 3360; x_wconf 87' lang='lat' dir='ltr'>esse</span> <span class='ocrx_word' id='word_1_285' title='bbox 599 3301 768 3377; x_wconf 81' lang='lat' dir='ltr'>perhibeat,</span> <span class='ocrx_word' id='word_1_286' title='bbox 791 3301 1002 3360; x_wconf 85' lang='lat' dir='ltr'>Reifferscheid</span> <span class='ocrx_word' id='word_1_287' title='bbox 1025 3300 1284 3376; x_wconf 74' lang='lat' dir='ltr'>quadrupertitem</span> <span class='ocrx_word' id='word_1_288' title='bbox 1307 3301 1402 3360; x_wconf 83' lang='lat' dir='ltr'>fuisse</span> 
     </span>
     <span class='ocr_line' id='line_1_34' title="bbox 227 3388 1401 3467; baseline -0.002 -16"><span class='ocrx_word' id='word_1_289' title='bbox 227 3392 324 3467; x_wconf 87' lang='lat' dir='ltr'>operis</span> <span class='ocrx_word' id='word_1_290' title='bbox 344 3390 567 3466; x_wconf 84' lang='lat' dir='ltr'>dispositionem</span> <span class='ocrx_word' id='word_1_291' title='bbox 585 3390 725 3466; x_wconf 82' lang='lat' dir='ltr'>probavit</span> <span class='ocrx_word' id='word_1_292' title='bbox 743 3408 777 3449; x_wconf 82' lang='lat' dir='ltr'>eo</span> <span class='ocrx_word' id='word_1_293' title='bbox 797 3388 905 3449; x_wconf 80' lang='lat' dir='ltr'>Suidee</span> <span class='ocrx_word' id='word_1_294' title='bbox 924 3390 1028 3449; x_wconf 83' lang='lat' dir='ltr'>titulos</span> <span class='ocrx_word' id='word_1_295' title='bbox 1048 3389 1089 3448; x_wconf 90' lang='lat' dir='ltr'>sie</span> <span class='ocrx_word' id='word_1_296' title='bbox 1106 3408 1171 3448; x_wconf 83' lang='lat' dir='ltr'>esse</span> <span class='ocrx_word' id='word_1_297' title='bbox 1187 3389 1401 3449; x_wconf 83' lang='lat' dir='ltr'>emendandos:</span> 
     </span>
     <span class='ocr_line' id='line_1_35' title="bbox 225 3469 1400 3555; baseline -0.002 -15"><span class='ocrx_word' id='word_1_298' title='bbox 225 3475 298 3555; x_wconf 83' lang='grc' dir='ltr'>περὶ</span> <span class='ocrx_word' id='word_1_299' title='bbox 316 3478 382 3540; x_wconf 89' lang='grc' dir='ltr'>τών</span> <span class='ocrx_word' id='word_1_300' title='bbox 400 3473 479 3553; x_wconf 80' lang='grc' dir='ltr'>παρ’</span> <span class='ocrx_word' id='word_1_301' title='bbox 501 3474 627 3553; x_wconf 72' lang='grc' dir='ltr'>’Έλληα</span> <span class='ocrx_word' id='word_1_302' title='bbox 650 3475 787 3539; x_wconf 82' lang='grc' dir='ltr'>παιδιῶν</span> <span class='ocrx_word' id='word_1_303' title='bbox 809 3475 860 3538; x_wconf 87' lang='grc' dir='ltr'>καὶ</span> <span class='ocrx_word' id='word_1_304' title='bbox 885 3472 1024 3549; x_wconf 90' lang='grc' dir='ltr'>ἀγώνων</span> <span class='ocrx_word' id='word_1_305' title='bbox 1048 3473 1150 3553; x_wconf 90' lang='grc' dir='ltr'>βιβλία</span> <span class='ocrx_word' id='word_1_306' title='bbox 1175 3469 1214 3553; x_wconf 80' lang='grc' dir='ltr'>β’·</span> <span class='ocrx_word' id='word_1_307' title='bbox 1239 3475 1400 3551; x_wconf 83' lang='grc' dir='ltr'>περὶτῶν</span> 
     </span>
     <span class='ocr_line' id='line_1_36' title="bbox 225 3557 1399 3648; baseline 0 -20"><span class='ocrx_word' id='word_1_308' title='bbox 225 3564 312 3643; x_wconf 86' lang='grc' dir='ltr'>παρὰ</span> <span class='ocrx_word' id='word_1_309' title='bbox 325 3559 491 3642; x_wconf 75' lang='grc' dir='ltr'>Ῥωμαῖοι(Ι</span> <span class='ocrx_word' id='word_1_310' title='bbox 505 3565 642 3627; x_wconf 86' lang='grc' dir='ltr'>παιδιῶν</span> <span class='ocrx_word' id='word_1_311' title='bbox 655 3561 706 3627; x_wconf 85' lang='grc' dir='ltr'>καί</span> <span class='ocrx_word' id='word_1_312' title='bbox 721 3565 864 3641; x_wconf 86' lang='grc' dir='ltr'>θεωριῶν</span> <span class='ocrx_word' id='word_1_313' title='bbox 880 3562 981 3643; x_wconf 89' lang='grc' dir='ltr'>βιβλία</span> <span class='ocrx_word' id='word_1_314' title='bbox 997 3557 1023 3642; x_wconf 80' lang='grc' dir='ltr'>β’</span> <span class='ocrx_word' id='word_1_315' title='bbox 1033 3557 1169 3648; x_wconf 78' lang='lat' dir='ltr'>(Quaest.</span> <span class='ocrx_word' id='word_1_316' title='bbox 1179 3566 1260 3626; x_wconf 85' lang='lat' dir='ltr'>Suet.</span> <span class='ocrx_word' id='word_1_317' title='bbox 1271 3587 1298 3642; x_wconf 94' lang='lat' dir='ltr'>p.</span> <span class='ocrx_word' id='word_1_318' title='bbox 1310 3561 1399 3646; x_wconf 82' lang='grc'>461).</span> 
     </span>
     <span class='ocr_line' id='line_1_37' title="bbox 225 3655 1401 3731; baseline -0.003 -15"><span class='ocrx_word' id='word_1_319' title='bbox 225 3678 292 3716; x_wconf 90' lang='lat' dir='ltr'>oum</span> <span class='ocrx_word' id='word_1_320' title='bbox 315 3659 416 3716; x_wconf 84' lang='lat' dir='ltr'>autem</span> <span class='ocrx_word' id='word_1_321' title='bbox 440 3657 532 3716; x_wconf 88' lang='lat' dir='ltr'>trium</span> <span class='ocrx_word' id='word_1_322' title='bbox 556 3657 701 3716; x_wconf 88' lang='lat' dir='ltr'>librorum</span> <span class='ocrx_word' id='word_1_323' title='bbox 723 3657 867 3715; x_wconf 81' lang='lat' dir='ltr'>memorie</span> <span class='ocrx_word' id='word_1_324' title='bbox 893 3655 956 3715; x_wconf 86' lang='lat' dir='ltr'>fere</span> <span class='ocrx_word' id='word_1_325' title='bbox 981 3655 1142 3731; x_wconf 83' lang='lat' dir='ltr'>deperiret,</span> <span class='ocrx_word' id='word_1_326' title='bbox 1169 3675 1261 3714; x_wconf 88' lang='lat' dir='ltr'>unum</span> <span class='ocrx_word' id='word_1_327' title='bbox 1288 3655 1401 3714; x_wconf 89' lang='lat' dir='ltr'>librum</span> 
     </span>
     <span class='ocr_line' id='line_1_38' title="bbox 224 3739 1398 3821; baseline -0.002 -15"><span class='ocrx_word' id='word_1_328' title='bbox 224 3743 297 3820; x_wconf 88' lang='grc' dir='ltr'>περὶ</span> <span class='ocrx_word' id='word_1_329' title='bbox 320 3744 385 3805; x_wconf 89' lang='grc' dir='ltr'>τών</span> <span class='ocrx_word' id='word_1_330' title='bbox 405 3739 484 3819; x_wconf 80' lang='grc' dir='ltr'>παρ’</span> <span class='ocrx_word' id='word_1_331' title='bbox 500 3741 626 3819; x_wconf 50' lang='grc' dir='ltr'>(Ἐλληα</span> <span class='ocrx_word' id='word_1_332' title='bbox 646 3743 782 3804; x_wconf 83' lang='grc' dir='ltr'>παιδιῶν</span> <span class='ocrx_word' id='word_1_333' title='bbox 795 3763 902 3821; x_wconf 78' lang='lat' dir='ltr'>graece</span> <span class='ocrx_word' id='word_1_334' title='bbox 921 3745 1066 3820; x_wconf 82' lang='lat' dir='ltr'>seriptum</span> <span class='ocrx_word' id='word_1_335' title='bbox 1084 3743 1243 3818; x_wconf 82' lang='lat' dir='ltr'>Byzantini</span> <span class='ocrx_word' id='word_1_336' title='bbox 1264 3745 1398 3805; x_wconf 86' lang='lat' dir='ltr'>homines</span> 
     </span>
     <span class='ocr_line' id='line_1_39' title="bbox 224 3831 1400 3895; baseline -0.002 -1"><span class='ocrx_word' id='word_1_337' title='bbox 224 3854 315 3894; x_wconf 82' lang='lat' dir='ltr'>manu</span> <span class='ocrx_word' id='word_1_338' title='bbox 338 3835 507 3895; x_wconf 81' lang='lat' dir='ltr'>versabant.</span> <span class='ocrx_word' id='word_1_339' title='bbox 546 3834 672 3894; x_wconf 80' lang='lat' dir='ltr'>Ioannes</span> <span class='ocrx_word' id='word_1_340' title='bbox 701 3833 819 3894; x_wconf 84' lang='lat' dir='ltr'>Tzetzes</span> <span class='ocrx_word' id='word_1_341' title='bbox 843 3831 914 3895; x_wconf 82' lang='lat' dir='ltr'>Ver.</span> <span class='ocrx_word' id='word_1_342' title='bbox 938 3833 1015 3892; x_wconf 86' lang='lat' dir='ltr'>Hiet.</span> <span class='ocrx_word' id='word_1_343' title='bbox 1035 3832 1079 3891; x_wconf 91' lang='lat' dir='ltr'>VI</span> <span class='ocrx_word' id='word_1_344' title='bbox 1105 3835 1169 3892; x_wconf 9' lang='lat'>8¹75</span> <span class='ocrx_word' id='word_1_345' title='bbox 1193 3833 1400 3893; x_wconf 85' lang='lat' dir='ltr'>testimonium</span> 
     </span>
     <span class='ocr_line' id='line_1_40' title="bbox 226 3922 665 3985; baseline -0.007 -1"><span class='ocrx_word' id='word_1_346' title='bbox 226 3926 253 3985; x_wconf 85' lang='lat' dir='ltr'>ei</span> <span class='ocrx_word' id='word_1_347' title='bbox 271 3924 430 3984; x_wconf 82' lang='lat' dir='ltr'>denuntiet</span> <span class='ocrx_word' id='word_1_348' title='bbox 447 3923 495 3983; x_wconf 91' lang='lat' dir='ltr'>his</span> <span class='ocrx_word' id='word_1_349' title='bbox 514 3922 665 3983; x_wconf 86' lang='lat' dir='ltr'>versibus:</span> 
     </span>
    </p>
   </div>
   <div class='ocr_carea' id='block_1_5' title="bbox 384 4021 1240 4372">
    <p class='ocr_par' dir='ltr' id='par_1_10' title="bbox 384 4021 1240 4282">
     <span class='ocr_line' id='line_1_41' title="bbox 384 4021 1240 4104; baseline -0.004 -15"><span class='ocrx_word' id='word_1_350' title='bbox 384 4024 589 4104; x_wconf 87' lang='grc' dir='ltr'>Τράγκυλλο(</span> <span class='ocrx_word' id='word_1_351' title='bbox 609 4023 781 4103; x_wconf 80' lang='grc' dir='ltr'>(οιιητῑνότ</span> <span class='ocrx_word' id='word_1_352' title='bbox 799 4045 845 4088; x_wconf 90' lang='grc' dir='ltr'>τι(</span> <span class='ocrx_word' id='word_1_353' title='bbox 865 4025 902 4089; x_wconf 88' lang='grc' dir='ltr'>ἐν</span> <span class='ocrx_word' id='word_1_354' title='bbox 920 4027 1060 4088; x_wconf 80' lang='grc' dir='ltr'>παιδιαί(</span> <span class='ocrx_word' id='word_1_355' title='bbox 1077 4021 1240 4102; x_wconf 82' lang='grc' dir='ltr'>Ἑλλήνων</span> 
     </span>
     <span class='ocr_line' id='line_1_42' title="bbox 385 4112 1236 4191; baseline -0.004 -13"><span class='ocrx_word' id='word_1_356' title='bbox 385 4114 508 4178; x_wconf 89' lang='grc' dir='ltr'>πολλὰ(</span> <span class='ocrx_word' id='word_1_357' title='bbox 528 4115 585 4191; x_wconf 79' lang='grc' dir='ltr'>μὲν</span> <span class='ocrx_word' id='word_1_358' title='bbox 604 4113 704 4178; x_wconf 87' lang='grc' dir='ltr'>ἄλλα(</span> <span class='ocrx_word' id='word_1_359' title='bbox 722 4115 850 4178; x_wconf 83' lang='grc' dir='ltr'>παιδιὰ(</span> <span class='ocrx_word' id='word_1_360' title='bbox 868 4113 919 4178; x_wconf 90' lang='grc' dir='ltr'>καὶ</span> <span class='ocrx_word' id='word_1_361' title='bbox 938 4112 1117 4191; x_wconf 89' lang='grc' dir='ltr'>(υμπο(ίων</span> <span class='ocrx_word' id='word_1_362' title='bbox 1136 4114 1236 4188; x_wconf 89' lang='grc' dir='ltr'>λέγει·</span> 
     </span>
     <span class='ocr_line' id='line_1_43' title="bbox 387 4201 1035 4282; baseline -0.002 -16"><span class='ocrx_word' id='word_1_363' title='bbox 387 4201 433 4267; x_wconf 89' lang='grc' dir='ltr'>ὧν</span> <span class='ocrx_word' id='word_1_364' title='bbox 452 4202 632 4282; x_wconf 88' lang='grc' dir='ltr'>(υμπο(ίων</span> <span class='ocrx_word' id='word_1_365' title='bbox 651 4203 705 4282; x_wconf 90' lang='grc' dir='ltr'>μία</span> <span class='ocrx_word' id='word_1_366' title='bbox 724 4205 781 4281; x_wconf 85' lang='grc' dir='ltr'>μὲν</span> <span class='ocrx_word' id='word_1_367' title='bbox 800 4205 818 4281; x_wconf 89' lang='grc' dir='ltr'>ἡ</span> <span class='ocrx_word' id='word_1_368' title='bbox 839 4201 1035 4281; x_wconf 87' lang='grc' dir='ltr'>ἑωλοκρα(ία</span> 
     </span>
    </p>

    <p class='ocr_par' dir='ltr' id='par_1_11' title="bbox 386 4289 1178 4372">
     <span class='ocr_line' id='line_1_44' title="bbox 386 4289 1178 4372; baseline -0.003 -17"><span class='ocrx_word' id='word_1_369' title='bbox 386 4291 479 4371; x_wconf 90' lang='grc' dir='ltr'>ἑτέρα</span> <span class='ocrx_word' id='word_1_370' title='bbox 498 4293 533 4356; x_wconf 81' lang='grc' dir='ltr'>δὲ</span> <span class='ocrx_word' id='word_1_371' title='bbox 553 4290 572 4354; x_wconf 85' lang='grc' dir='ltr'>ὁ</span> <span class='ocrx_word' id='word_1_372' title='bbox 591 4291 745 4372; x_wconf 90' lang='grc' dir='ltr'>κότταβο(</span> <span class='ocrx_word' id='word_1_373' title='bbox 764 4291 845 4370; x_wconf 86' lang='grc' dir='ltr'>ὁμοῦ</span> <span class='ocrx_word' id='word_1_374' title='bbox 864 4291 953 4370; x_wconf 89' lang='grc' dir='ltr'>καὶὴ</span> <span class='ocrx_word' id='word_1_375' title='bbox 973 4289 1094 4370; x_wconf 90' lang='grc' dir='ltr'>λατάγη</span> <span class='ocrx_word' id='word_1_376' title='bbox 1114 4293 1178 4354; x_wconf 93' lang='grc' dir='ltr'>κτλ.</span> 
     </span>
    </p>
   </div>
   <div class='ocr_carea' id='block_1_6' title="bbox 224 4396 1536 4486">
    <p class='ocr_par' dir='ltr' id='par_1_12' title="bbox 224 4396 1536 4486">
     <span class='ocr_line' id='line_1_45' title="bbox 224 4396 1536 4486; baseline -0.002 -19"><span class='ocrx_word' id='word_1_377' title='bbox 224 4403 326 4484; x_wconf 76' lang='lat' dir='ltr'>itaque</span> <span class='ocrx_word' id='word_1_378' title='bbox 346 4423 434 4483; x_wconf 85' lang='lat' dir='ltr'>quem</span> <span class='ocrx_word' id='word_1_379' title='bbox 453 4405 538 4466; x_wconf 84' lang='lat' dir='ltr'>Eust.</span> <span class='ocrx_word' id='word_1_380' title='bbox 556 4425 585 4482; x_wconf 92' lang='lat' dir='ltr'>p.</span> <span class='ocrx_word' id='word_1_381' title='bbox 611 4406 705 4480; x_wconf 83' lang='grc'>1397,</span> <span class='ocrx_word' id='word_1_382' title='bbox 727 4407 744 4464; x_wconf 83' lang='grc'><strong>7</strong></span> <span class='ocrx_word' id='word_1_383' title='bbox 765 4403 863 4468; x_wconf 87' lang='lat' dir='ltr'>verbis</span> <span class='ocrx_word' id='word_1_384' title='bbox 887 4397 906 4466; x_wconf 86' lang='grc' dir='ltr'>ὸ</span> <span class='ocrx_word' id='word_1_385' title='bbox 925 4397 964 4465; x_wconf 86' lang='grc' dir='ltr'>τὰ</span> <span class='ocrx_word' id='word_1_386' title='bbox 982 4397 1055 4479; x_wconf 83' lang='grc' dir='ltr'>περὶ</span> <span class='ocrx_word' id='word_1_387' title='bbox 1072 4396 1254 4477; x_wconf 83' lang='grc' dir='ltr'>Ἑλληνική(</span> <span class='ocrx_word' id='word_1_388' title='bbox 1273 4399 1411 4483; x_wconf 82' lang='grc' dir='ltr'>παιδιᾶ(</span> <span class='ocrx_word' id='word_1_389' title='bbox 1535 4483 1536 4486; x_wconf 9' lang='lat'>¹</span> 
     </span>
    </p>
   </div>
   <div class='ocr_carea' id='block_1_7' title="bbox 1534 1012 1536 1138">
    <p class='ocr_par' dir='ltr' id='par_1_13' title="bbox 1534 1012 1536 1138">
     <span class='ocr_line' id='line_1_46' title="bbox 1534 1012 1536 1138; baseline 0 0"><span class='ocrx_word' id='word_1_390' title='bbox 1534 1012 1536 1138; x_wconf 85' lang='lat' dir='ltr'>l</span> 
     </span>
    </p>
   </div>
   <div class='ocr_carea' id='block_1_8' title="bbox 0 0 1556 5158">
    <p class='ocr_par' dir='ltr' id='par_1_14' title="bbox 0 0 1556 5158">
     <span class='ocr_line' id='line_1_47' title="bbox 0 0 1556 5158; baseline 0 1"><span class='ocrx_word' id='word_1_391' title='bbox 0 0 1556 5158; x_wconf 95' lang='lat' dir='ltr'> </span> 
     </span>
    </p>
   </div>
  </div>
 </body>
</html>
