3102 5158
238 271 305 338 330
707 269 832 342 Leopold
851 269 941 327 Cohnr

239 437 298 518 μάς
316 439 403 519 leg.]·
426 439 446 517 ἡ
466 435 582 516 πόρνη,
607 433 671 500 ἀπὸ
691 440 749 500 τοῦ
769 439 831 515 χαλ
839 437 928 500 ἂςθαι
952 435 990 500 τὸ
1010 437 1097 514 ςιίιμα
1115 433 1179 499 ὑπὸ
1204 436 1300 513 μέθης
1317 434 1337 514 ἢ
1357 455 1415 514 μα-

238 527 307 592 νίας
327 526 383 611 (=
403 533 442 592 M.
460 531 496 590 of.
515 531 599 590 Eust.
618 551 646 606 p.
668 532 768 603 1471,
789 525 833 609 3).
930 533 932 540 “

327 622 461 681 Primam
479 621 569 679 huius
589 619 695 696 capitis
713 619 846 695 glossam
864 620 895 677 M
914 619 1037 679 exhibet
1055 614 1172 694 μιςήτη,
1193 617 1414 694 iuterpretatio-

238 728 306 770 nem
321 730 391 771 vero
406 709 515 769 omisit.
542 709 687 768 Eustathi
699 709 781 768 locus
797 701 839 789 (p.
856 711 953 782 1650,
970 700 1026 787 63)
1047 708 1094 767 cui
1108 706 1223 767 auctori
1237 707 1414 767 tribuendus
1534 731 1535 746 ι

239 801 288 874 sit,
299 800 476 876 ambigitur:
491 798 596 858 Nauck
606 797 802 873 Aristophani
815 799 967 874 Byzantio
978 817 1046 857 eum
1056 797 1260 858 vindicaverat
1273 790 1285 873 (
1286 817 1315 872 p.
1328 789 1414 877 169),

238 889 340 948 Nabar
353 881 455 969 (Phot.
466 888 582 964 Proleg.
593 907 621 963 p.
634 891 651 947 7
657 879 690 967 6)
705 887 825 946 Aelium
838 886 1016 963 Dionysium
1030 906 1064 946 eo
1078 887 1143 945 loco
1158 885 1301 946 Eustathi
1315 889 1414 945 aucto-

238 997 301 1036 rem
316 977 409 1037 fuisse
424 977 539 1050 statuit,
554 976 714 1036 Fresenius
726 970 768 1055 (p.
780 971 836 1056 69)
852 975 1041 1036 Suetonium.
1065 974 1168 1050 itaque
1181 975 1279 1034 locum
1295 993 1413 1035 accura-

239 1067 299 1126 tius
318 1067 512 1143 inspiciamus
532 1068 659 1142 oportet.
1392 1079 1396 1082 “

326 1156 412 1216 Eunt.
439 1176 466 1232 p.
489 1157 588 1228 1650,
608 1157 649 1215 63
675 1191 725 1215 ...
749 1148 829 1213 αὐτὸ
854 1149 889 1212 δέ
909 1169 945 1226 γε
971 1149 1007 1213 τὸ
1031 1151 1131 1227 μιςεῑν
1151 1146 1338 1226 κοινότερον
1362 1149 1414 1213 ἐπὶ

237 1244 297 1304 τοῦ
315 1241 495 1319 ἑχθραίνειν
509 1241 602 1305 τεθὲν
615 1240 635 1317 ἡ
651 1241 767 1317 κωμικὴ
784 1237 936 1316 ςεμνότης
953 1238 1006 1301 ἐπὶ
1021 1238 1137 1315 μίξεων
1152 1234 1245 1301 ἔθετο
1260 1236 1414 1316 ἀςέμνων.

239 1327 513 1409 Ἀριςτοφάνης
532 1333 613 1405 γοῦν
632 1328 773 1407 μιςητίαν
792 1327 845 1391 ἐπὶ
864 1326 1085 1410 κατωφερείας
1104 1325 1168 1404 ἔφη
1191 1327 1294 1405 ἤγουν
1312 1326 1415 1406 ῥοπῆς

239 1417 374 1496 ἀςχέτου
394 1423 449 1497 τῆς
464 1418 536 1496 περὶ
555 1417 676 1496 μίξεως.
705 1415 816 1480 ἄλλοι
835 1417 877 1479 δὲ
897 1418 1026 1496 μιςήτην
1048 1413 1231 1495 βαρυτόνως
1251 1416 1332 1493 πρὸς
1347 1419 1414 1478 δια-

239 1511 355 1586 ςτολὴν
379 1512 435 1585 τῆς
459 1507 713 1584 ὀξυτονουμένης
735 1507 794 1584 τὴν
817 1507 928 1583 κοινὴν
951 1505 1003 1568 καὶ
1034 1503 1161 1586 ῥᾳδίαν,
1189 1504 1341 1580 λέγοντες
1365 1506 1417 1568 καὶ

239 1601 347 1674 χρῆςιν
371 1595 468 1675 αὐτῆς
492 1593 679 1673 εἶναιπαρὰ
699 1594 841 1677 Κρατίνῳ
864 1595 915 1657 καί
939 1593 1097 1672 (ώφρονι.
1140 1595 1253 1670 χρᾶται
1278 1591 1312 1656 δ’
1335 1593 1415 1678 αὐτῇ

239 1686 290 1749 καὶ
314 1685 526 1764 παροιμίαέν
555 1689 601 1768 τῷ
627 1682 715 1762 ‘cept
740 1685 863 1762 ςφυρόν
888 1687 1007 1760 παχεῖα
1031 1684 1138 1761 μιςήτη
1167 1680 1264 1760 γυνή’
1290 1682 1416 1766 (Archil.

239 1778 297 1854 frg.
319 1772 406 1860 185).
443 1775 493 1838 καὶ
512 1778 613 1837 ταῦτα
631 1775 689 1851 μὲν
707 1777 852 1836 τοιαῦτα.
893 1795 997 1836 vocem
1021 1770 1142 1850 μιςητία
1167 1775 1305 1834 similiter
1323 1776 1416 1834 inter-

238 1871 378 1944 pretatur
396 1868 487 1929 schol.
509 1866 562 1926 Ar.
582 1867 637 1926 Au.
660 1869 744 1925 1620
764 1860 905 1940 utentior
929 1863 964 1925 δὲ
992 1861 1029 1923 οἱ
1053 1861 1120 1938 μὲν
1144 1860 1230 1937 περὶ
1249 1858 1416 1938 Ἀριςτο-

239 1951 339 2031 φάνη
358 1954 417 2030 τὴν
431 1951 477 2016 εἰς
495 1951 534 2015 τὰ
548 1949 718 2030 ἀφραδίςια
745 1948 904 2028 ἀκραςίαν.
932 1948 983 2013 καί
1001 1949 1040 2012 τὸ
1060 1947 1143 2026 ‘cepi
1158 1949 1281 2026 raupta
1296 1954 1416 2027 παχεῖα

239 2043 347 2121 μιςήτη
367 2039 460 2121 γυνή’
481 2040 584 2104 οὕτως
599 2039 798 2118 ἐξηγοῦνται.
832 2041 953 2118 μήποτε
974 2039 1082 2116 μέντοι
1100 2036 1314 2115 γενικώτερόν
1333 2039 1416 2102 ἐςτιν

239 2129 411 2208 ἀπληςτία,
434 2131 453 2194 ὃ
472 2131 523 2193 καὶ
541 2133 600 2194 νῦν
619 2128 821 2208 ἐμφαίνεται.
858 2135 980 2208 propter
999 2130 1178 2191 scholiastae
1196 2131 1290 2190 verba
1308 2127 1339 2190 oi
1358 2128 1416 2205 μὲν

239 2220 312 2296 περὶ
334 2217 544 2298 Ἀριςτοφάνη
569 2222 674 2281 Nauck
701 2221 843 2280 Eustathi
866 2223 965 2281 locum
985 2220 1205 2296 Aristophaneo
1229 2220 1320 2295 capiti
1343 2217 1417 2294 περὶ

178 2319 180 2324 ’
240 2310 446 2387 βλαςφημιιῖιν
461 2311 621 2386 adscripsit
639 2305 710 2390 (frg.
724 2303 851 2389 XVIII).
884 2313 916 2369 at
935 2310 1152 2384 Aristophanes
1174 2309 1338 2385 Byzantius
1357 2329 1417 2369 non
1534 2303 1535 2318 ¹

241 2400 360 2477 scripsit
379 2397 452 2474 περὶ
473 2398 688 2476 βλαςφημιῶν.
729 2399 832 2474 itaque
851 2398 1089 2474 obseruationem
1108 2417 1126 2456 a
1145 2398 1306 2457 scholiasta
1324 2399 1416 2458 tradi-

242 2491 305 2549 tam
325 2491 362 2548 ad
383 2487 483 2552 λέξεις
502 2487 713 2565 Aristophanis
731 2507 791 2547 non
809 2488 995 2547 referendam
1014 2486 1126 2564 iudice,
1154 2486 1180 2546 si
1198 2487 1416 2562 Aristophanes
1534 2531 1535 2582 ἰ

240 2579 454 2655 grammaticus
469 2579 688 2655 intellegendus
699 2580 754 2636 est.
781 2577 860 2652 apud
869 2577 1062 2636 Eustathium
1077 2579 1157 2636 certe
1172 2575 1416 2652 de‘grammatico

241 2669 366 2745 cogitari
390 2686 477 2744 posse
495 2687 581 2744 nego.
618 2666 837 2742 Aristophanes
857 2665 1021 2742 Byzantius
1040 2665 1078 2724 ab
1097 2665 1259 2724 Eustathio
1279 2658 1415 2738 Ἀριςτο-

241 2751 347 2831 φάνης
372 2751 390 2814 ὁ
409 2751 669 2830 γραμματικός
693 2755 804 2830 ubique
827 2756 1005 2830 appellatur.
1044 2757 1134 2832 atque
1158 2755 1213 2814 hoc
1236 2755 1300 2814 loco
1323 2755 1417 2814 verba
1534 2761 1535 2784 l

242 2841 262 2920 ἡ
281 2842 398 2919 κωμικὴ
423 2840 575 2920 ςεμνότης
595 2839 686 2905 ἔθετο
707 2887 754 2904 ...
774 2836 1003 2919 Ἀριςτοφάνης
1021 2842 1103 2915 γοῦν
1121 2840 1186 2902 κτλ.
1210 2861 1276 2902 mco
1296 2843 1415 2919 quidem

244 2934 352 2994 iudicio
372 2934 491 2993 omnino
508 2937 615 2994 vetant
633 2933 727 2992 alium
745 2933 882 3009 intellegi
899 2933 959 2992 nisi
973 2932 1135 2992 Comitum.
1168 2933 1337 2992 observatio
1356 2951 1416 2990 non
1534 2955 1535 3000 ι

242 3042 278 3082 ea
296 3026 352 3097 est,
372 3043 461 3099 quarn
476 3023 636 3083 Eustathio
655 3023 714 3099 ipsi
731 3040 789 3082 non
809 3021 987 3082 tribuamus.
1018 3041 1088 3080 nam
1103 3021 1334 3097 Aristophanem
1348 3041 1416 3097 poe·
1534 3011 1535 3056 l

242 3115 305 3172 tarn
323 3113 376 3171 ille
395 3113 557 3172 secundum
577 3113 739 3172 Homerum
757 3111 885 3169 maxime
905 3111 1065 3170 adamabat
1091 3113 1122 3168 et
1144 3110 1313 3184 lectitabat,
1338 3111 1417 3186 qnod

242 3202 299 3260 loci
313 3201 463 3260 innumeri
481 3203 633 3260 testantur
646 3201 700 3260 ubi
713 3194 733 3259 ὁ
748 3194 882 3273 κωμικός
901 3200 940 3258 ad
958 3200 1060 3275 partes
1079 3202 1210 3258 vocatur.
1239 3200 1416 3259 vocabulum
1534 3233 1535 3242 .

244 3285 365 3364 μιςητία
384 3293 485 3350 autem
503 3290 550 3350 bis
569 3289 727 3367 usurpavit
746 3288 977 3364 Aristophanae,
1001 3288 1056 3348 Av.
1077 3289 1172 3347 1620.
1192 3287 1270 3346 Plut.
1296 3278 1415 3368 989.⁹I)

242 3382 275 3439 at
293 3379 402 3440 dmerit
419 3380 581 3457 quispiam,
603 3380 704 3440 verbis
723 3396 799 3454 quae
824 3381 990 3454 sequuntur
1010 3371 1102 3436 ἄλλοι
1122 3373 1157 3435 δὲ
1178 3373 1255 3458 (scil.
1273 3392 1416 3451 γραμμα-

241 3463 336 3550 τικοί)
356 3467 420 3528 κτλ.
450 3470 649 3530 demonstrari
677 3460 925 3545 praecedentibus
949 3485 1067 3542 qnoque
1096 3466 1326 3542 grammaticum
1351 3483 1416 3524 esse

240 3558 485 3633 intellegendum.
531 3558 582 3618 sed
610 3558 662 3633 qui
684 3554 825 3616 Eustathi
853 3555 885 3614 in
911 3556 1023 3615 talibus
1051 3555 1273 3631 neglegentiam
1296 3558 1416 3630 norunt,
1534 3633 1535 3640 ἵ

241 3647 301 3705 ista
318 3665 351 3706 re
371 3646 551 3706 sententiam
574 3665 672 3705 meam
690 3663 750 3704 non
778 3645 906 3704 refutari
929 3645 1098 3704 concedent
1136 3643 1323 3702 confusiones
1347 3645 1416 3702 scri-

240 3737 360 3814 ptorum
380 3738 410 3795 et
432 3737 696 3812 grammaticorum
720 3733 801 3792 haud
823 3752 891 3794 raro
910 3733 991 3810 apud
1016 3735 1155 3792 nostrum
1177 3732 1321 3793 Invenias.
1359 3733 1416 3792 duo

239 3824 376 3899 exempla
402 3825 506 3884 affero:
537 3846 565 3901 p.
596 3827 693 3898 1395,
720 3825 762 3881 49
881 3819 1004 3882 ἐκεῖθεν
1036 3817 1087 3880 καὶ
1120 3815 1273 3896 ὀβρίκαλα
1314 3817 1417 3894 παρὰ

239 3907 408 3992 Αἰςχιίλῳ
427 3908 570 3974 λεόντων
589 3909 718 3986 ςκυμνία
737 3907 776 3969 τὰ
791 3909 912 3987 δηλαδὴ
936 3907 987 3970 καὶ
1005 3904 1120 3985 ὄβριμα
1139 3906 1190 3969 καί
1212 3904 1303 3970 καλά.
1332 3906 1416 3969 tre·
1534 3941 1535 3952 ι

240 4018 299 4075 ραι
318 3997 353 4061 δέ
373 4017 480 4076 φαςιν,
500 3996 548 4061 ὅτι
567 4019 601 4062 τε
621 3996 713 4078 ὄβρια
732 3995 782 4062 καὶ
801 3995 954 4077 ὀβρίκαλα
973 3994 1116 4060 λεόντων
1142 3997 1195 4059 καὶ
1222 3995 1327 4060 λύκων
1347 4013 1415 4056 ςκυ-

245 4124 459 4132 ——v—-u-—unu—

315 4171 349 4240 97)
369 4171 514 4227 I'recenius
534 4173 571 4242 (p.
587 4174 631 4240 70)
649 4173 732 4242 putat
746 4171 925 4227 Eustathium
940 4185 973 4226 sa
987 4187 1059 4239 quae
1079 4169 1114 4225 de
1129 4170 1236 4238 μιςητία
1250 4180 1319 4222 voce
1338 4162 1416 4217 dicat

242 4243 368 4298 eschol.
391 4247 438 4307 Ar.
462 4243 654 4313 descripsisse,
682 4245 730 4298 sed
753 4245 815 4314 ipse
843 4242 897 4297 sibi
924 4244 1077 4312 repugnat,
1107 4259 1169 4298 eum
1192 4235 1321 4292 Eusissihi
1343 4233 1416 4287 illud

243 4316 443 4383 Ἀριςτοφάνης
470 4315 507 4368 ad
531 4313 688 4383 comicum,
714 4315 883 4370 scholiastae
911 4314 997 4368 verba
1024 4314 1049 4367 ol
1077 4316 1139 4381 περὶ
1167 4307 1349 4377 Ἀριςτοφάνη
1380 4307 1416 4360 ad

241 4386 457 4454 grammaticum
471 4389 596 4456 spectare
609 4386 722 4442 iudicet.
746 4385 924 4440 Idustathium
937 4403 954 4440 a
965 4387 1050 4441 schol.
1065 4401 1121 4438 non
1134 4382 1254 4452 pendere
1264 4378 1412 4434 verborum

242 4455 432 4528 ffircrepantia
451 4457 541 4516 docet.
