3102 5158
158 261 198 317 De
217 262 407 332 Aristophane
420 260 555 330 Byzantio
570 262 599 316 et
614 260 746 318 Suetonio
757 262 921 333 Tranquillo
936 263 1067 318 Eurtathi
1080 262 1251 320 arrotoribus.
1272 265 1336 330 349

158 431 177 508 ή
202 426 434 508 καί-εὐήθειανι
472 423 561 504 ὅθεν,
586 426 675 505 φαςί,
699 427 750 490 καί
775 424 863 507 βλάξ,
893 425 980 506 ἰχθὺς
1003 430 1117 493 τέλεον
1140 427 1269 508 ἀχρεῖος
1293 433 1336 495 ῶς

159 519 257 596 μηδέν
271 538 301 580 τι
320 520 406 600 ζῷον
421 514 533 580 ἐςθίειν
553 515 661 581 αύτοθ.
698 516 749 579 καὶ
770 516 973 596 βλακεύεςθυι
988 518 1023 581 δὲ
1045 518 1081 580 τό
1096 517 1266 596 μωραίνειν
1286 521 1337 583 καί

153 605 362 688 βλακεύματα
381 603 413 668 αἱ
432 603 578 683 εύήθειαι.
608 609 746 669 simililer
764 609 893 686 Hesyoh.
915 604 1004 685 βλάξ·
1028 606 1143 685 μωρός.
1167 605 1333 672 ἀπότινος

157 695 266 774 ἰχθύος
286 693 457 758 δυςώδους.
495 694 513 772 ἢ
533 693 552 757 δ
571 692 624 758 διὰ
646 693 783 759 νωθείαν
802 694 989 774 ἡμαρτηκὼς
1008 695 1131 760 ἐντοῖς
1150 698 1332 776 προδήλοις.

74 848 77 856 ,
156 789 195 848 ίά.
217 782 394 864 βλακεύειν·
417 781 597 861 μωραίνειν.
622 781 742 861 εἴρηται
766 784 801 847 δὲ
821 781 886 847 ἀπὸ
909 783 1018 864 ἰχθύος
1038 786 1237 864 καλουμένου
1259 789 1333 866 βλα-

157 873 221 937 κός.
247 878 373 959 alteram
387 875 468 938 vooie
483 875 628 952 originem
643 875 727 936 addit
740 877 883 953 Boethus,
898 878 981 937 ouius
996 879 1161 936 doctrinam
1176 884 1334 939 servarunt

159 967 249 1027 sohol.
268 966 345 1026 Plat.
364 964 455 1025 Polit.
473 984 502 1040 p.
522 966 608 1026 3070
627 968 658 1024 et
676 965 844 1025 aoouratius
863 965 988 1027 Photiua
1013 967 1050 1026 ab
1071 968 1119 1025 Et.
1139 967 1199 1043 Mg.
1221 970 1293 1042 199,
1312 971 1332 1028 ό

50 1041 55 1050 ’
156 1055 237 1117 Suid.
262 1075 284 1114 e.
303 1074 330 1114 ν.
356 1052 457 1130 βλᾶκα
479 1054 670 1129 compilatus:
699 1055 789 1114 sohol.
813 1053 890 1114 Plat.
914 1055 1002 1115 Polil.
1024 1075 1052 1132 p.
1077 1058 1163 1116 3070
1190 1052 1333 1130 Blourxdt'

153 1140 268 1220 εύήθη,
292 1137 397 1219 μωρά,
422 1136 559 1220 ἀνόητα,
582 1137 647 1203 ἀπὸ
667 1138 775 1218 ἰχθύος
793 1141 994 1218 καλουμένου
1020 1140 1135 1220 βλακός
1154 1140 1267 1219 ὁμοίου
1291 1162 1332 1205 ςι-

155 1229 273 1312 λούριμ,
296 1225 454 1307 ἀχρήςτου
477 1231 645 1307 τοςούτον,
671 1227 715 1291 ὡς
739 1229 817 1307 μηδὲ
840 1228 909 1293 κυνὶ
934 1229 1091 1308 βρώςιμον
1115 1228 1205 1294 εἶναι.
1242 1230 1273 1294 οἱ
1297 1233 1332 1295 δὲ

154 1317 296 1382 ἀπὸτοῦ
320 1317 356 1381 έν
381 1317 465 1396 Κύμη
490 1315 609 1396 χωρίου
632 1321 688 1396 τῆς
719 1315 881 1382 Βλακείας.
927 1321 1007 1382 Suid.
1037 1322 1085 1381 Et.
1114 1323 1174 1398 Mg.
1205 1326 1282 1400 199,
1312 1326 1330 1384 5

156 1410 270 1487 βλᾶκα·
290 1404 480 1489 [αἰτιατική]
507 1405 566 1470 τὸν
585 1405 682 1486 εὐήθη
701 1406 753 1469 καί
771 1404 919 1485 ἀνόητον.
949 1404 1069 1485 είρηται
1086 1407 1121 1470 δὲ
1137 1404 1202 1470 ἀπὸ
1221 1407 1331 1486 ἰχθύος

155 1496 255 1568 τινὸς,
271 1495 383 1573 ὁμοίου
414 1495 550 1579 ςιλούρῳ
583 1493 741 1574 ἀχρήςτου
769 1493 877 1574 ὄντος,
911 1495 990 1560 ὥςτε
1019 1496 1097 1574 μηδὲ
1130 1497 1211 1560 κύνα
1243 1496 1331 1582 αὐτῷ

155 1587 333 1665 χρήςαςθαι.
367 1579 535 1669 (Πλάτων)
554 1583 726 1649 Πολιτείας
748 1581 783 1648 δ’.
809 1582 974 1664 (βλακικόν
992 1605 1027 1648 τε
1046 1586 1136 1664 ἡμῶν
1154 1585 1192 1649 τό
1211 1584 1332 1651 πάθος’

156 1671 242 1760 (Rep.
261 1678 305 1736 IV
325 1671 442 1757 432ἀ),
468 1671 513 1736 ύις
537 1673 564 1738 εί
589 1674 677 1751 λέγοι
700 1693 747 1737 τις
776 1677 972 1753 πνευμονιᾶν
1001 1673 1229 1754 [πνευματικόν
1256 1681 1330 1740 ooui.

153 1765 359 1843 Bernhardy]·
393 1762 458 1827 ἀπὸ
485 1766 544 1826 τοῦ
572 1761 743 1826 θαλαττίου
771 1763 856 1846 ζῴου
880 1760 975 1827 ὄντος
1000 1761 1198 1842 ἀναιςθήτου.
1236 1763 1267 1826 οἱ
1295 1766 1330 1828 δὲ

154 1849 219 1916 ἀπὸ
247 1855 305 1915 τοῦ
334 1851 414 1930 πρὸς
442 1857 479 1935 τῇ
511 1852 595 1933 Κύμῃ
620 1851 739 1930 χωρίου
762 1856 818 1930 τής
843 1851 1007 1931 Βλακείας,
1035 1850 1075 1915 ού
1103 1852 1254 1930 μέμνηται
1280 1853 1331 1916 καί

155 1938 379 2019 Ἀριςτοτέλης.
417 1941 468 2004 καὶ
487 1941 523 2004 ἐν
541 1937 763 2024 Ἀλεξανδρείᾳ
781 1941 815 2004 δὲ
836 1942 929 2006 τέλος
948 1962 977 2004 τι
998 1940 1240 2020 βλακεννόμιον,
1260 1941 1278 2006 ὃ
1299 1941 1329 2006 οἱ

154 2027 343 2107 ἀςτρολόγοι
362 2033 507 2094 τελοῦςιν
526 2028 634 2093 διὰτὸ
653 2031 729 2094 τοὺς
752 2032 878 2108 μωροὺς
898 2029 1024 2094 εἰςιέναι
1043 2031 1124 2109 πρός
1142 2029 1268 2094 αύτούς.

242 2122 345 2182 Simile
365 2124 505 2183 stultorm
525 2122 688 2182 conuiuium
707 2123 766 2182 fuit
785 2115 878 2200 ὠτος,
899 2123 978 2200 quod
998 2123 1157 2182 Suetonius
1176 2142 1225 2200 ap.
1242 2124 1328 2185 Euat.

152 2232 180 2287 p.
212 2213 310 2285 1522,
335 2214 375 2272 57
403 2203 463 2290 (M)
493 2212 534 2272 aio
563 2212 792 2287 interpretetur:
822 2204 917 2272 uiroc·
942 2206 1028 2272 εἶδος
1052 2207 1168 2286 ὀρνέου
1192 2211 1328 2288 μιμηλοῦ

151 2296 232 2374 πρὸς
255 2301 323 2361 τοῖς
347 2295 402 2359 uel
425 2297 482 2360 τάς
505 2297 664 2374 πτέρυγας
688 2295 821 2375 ἔχοντος
845 2296 957 2375 ὁμοίου
981 2296 1102 2373 γλαυκί,
1122 2297 1166 2361 ὡς
1189 2295 1325 2375 Ἀριςτο-

151 2386 244 2463 τέλης
268 2385 364 2464 φηςίν
388 2383 439 2469 (Η.
462 2390 499 2450 A.
522 2389 598 2448 VIII
617 2382 682 2471 12).
721 2385 807 2462 οὕτω
836 2387 870 2450 δὲ
899 2386 1048 2450 καὶτοὺς
1072 2386 1328 2466 εὐεξαπατήτους

152 2473 276 2548 ἔλεγον.
314 2474 365 2538 διό
383 2474 434 2538 καί
452 2475 471 2553 ἡ
491 2472 641 2558 κωμῳδία
660 2474 846 2539 ςκώπτουςα
864 2477 939 2539 τοὺς
962 2473 1147 2553 Ἀθηναίους
1171 2473 1214 2537 ‘u
1233 2475 1325 2554 novor

152 2561 228 2626 ὦτοι
247 2566 314 2626 τῶν
331 2561 509 2642 Ἓλλήνων’
529 2561 592 2642 ἔφη
612 2559 716 2647 (Mein,
732 2565 813 2628 Com.
828 2567 856 2623 V
872 2563 959 2644 121),
977 2567 1168 2641 λοιδοροθςα
1186 2563 1328 2628 ἐκείνους

150 2651 195 2715 ὡς
218 2649 299 2734 ῥᾷον
327 2650 558 2730 ἀπατωμένους
581 2650 629 2716 οἷς
653 2647 884 2736 ἀκούουςιν.1“)
925 2657 1099 2716 Athenaeus
1121 2656 1164 2716 IX
1187 2659 1252 2717 390
1276 2650 1327 2739 (ox

150 2765 208 2820 quo
234 2745 392 2821 deeoripsii
413 2746 499 2805 Euat.
522 2765 549 2821 p.
575 2747 670 2822 1687,
691 2736 747 2826 54)
770 2745 944 2805 Aristotelia
972 2747 1069 2806 looum
1097 2746 1248 2823 integrum
1277 2748 1325 2806 de-

152 2835 263 2907 soribit,
284 2834 390 2893 dende
413 2834 524 2910 pergil:
549 2827 788 2908 ἀνθρωποειδὴς
808 2831 843 2895 δέ
863 2831 926 2894 ἐςτι
945 2832 1003 2910 τὴν
1027 2833 1155 2910 μορφήν
1175 2831 1227 2895 καί
1246 2831 1325 2896 πάν-

149 2938 216 2983 των
239 2920 378 2998 μιμητής,
403 2917 461 2982 όςυ
484 2917 525 2981 ἀν
548 2916 718 2996 ἄνθρωπος
742 2925 826 3002 ποιῇ.
863 2918 975 2998 διόπερ
998 2919 1049 2982 καὶ
1067 2921 1143 2984 τοὺς
1162 2920 1325 2985 ἐξαπατω-

149 3008 265 3086 μένους
285 3007 402 3090 ῥᾳδίως
421 3007 456 3071 έκ
474 3011 532 3071 τού
551 3006 706 3085 τυχόντος
721 3007 751 3070 oi
766 3008 895 3085 κωμικοί
909 3005 1012 3072 ὤτους
1027 3010 1184 3072 καλοῡςιν.
1217 3013 1325 3073 δειλίαι

149 3101 253 3160 eadem
267 3101 371 3161 scribit
384 3100 489 3160 Aelius
506 3101 669 3176 Dionysius
689 3120 734 3176 ap.
750 3101 835 3160 Eunt.
851 3121 880 3176 p.
894 3103 968 3178 561,
984 3103 1002 3161 5
1019 3093 1144 3181 (Suid.):
1163 3095 1270 3162 Αἴλιος
1290 3100 1325 3162 δὲ

78 3261 80 3268 y
148 3185 318 3250 Διονύςιος
338 3185 424 3249 οὕτω
444 3186 516 3263 περὶ
533 3185 651 3250 τούτου
674 3185 783 3263 φηςίν·
807 3183 903 3263 ὦτος,
927 3185 1044 3264 ὄρνεον
1067 3186 1086 3250 ὃ
1108 3185 1239 3263 περὶτὰ
1259 3184 1326 3250 ὦτα

149 3273 215 3352 ἔχει
239 3274 401 3352 πτερύγια.
435 3277 531 3338 τούτο
558 3274 794 3352 ἐπαινούμενον
817 3275 869 3336 καὶ
892 3272 1153 3353 ἀντορχούμενον
1176 3274 1282 3354 ὥςπερ
1307 3276 1325 3340 δ

149 3360 333 3441 νυκτικόραξ
353 3361 518 3426 ἁλίςκεται.
547 3363 596 3426 διὸ
610 3364 685 3426 τοὺς
701 3362 840 3440 χαύνους
855 3363 906 3426 καὶ
921 3362 1111 3429 κενοδόξους
1131 3363 1233 3428 ὤτους
1253 3363 1324 3428 ἑκά-

149 3454 238 3516 λουν.
275 3455 382 3532 quibue
403 3455 482 3530 apud
502 3454 587 3515 Euat.
606 3456 789 3530 prueoedunt
809 3455 894 3514 haeo:
916 3449 998 3516 αἰτος
1023 3453 1058 3516 δὲ
1086 3451 1122 3515 τό
1147 3473 1182 3517 τε
1206 3453 1324 3532 κύριον,

148 3540 192 3604 ύις
216 3542 344 3619 ἐρρέθη,
373 3539 424 3603 καί
448 3537 565 3618 όρνεόν
587 3560 616 3602 τι
641 3538 729 3619 παρά
755 3560 790 3604 τε
814 3537 1020 3618 Ἀριςτοτέλει
1044 3541 1095 3604 καί
1118 3540 1252 3624 ἑτέροις,
1280 3542 1324 3606 ιίις

150 3632 243 3707 δηλοῖ
261 3631 312 3693 καὶ
332 3629 350 3693 ὁ
370 3627 503 3693 εἰπών·
523 3624 614 3705 ὦτος,
633 3630 852 3707 παραπλήςιος
870 3629 997 3711 γλαυκί,
1017 3629 1102 3708 έχων
1117 3631 1189 3708 περὶ
1202 3631 1243 3694 τὰ
1257 3629 1324 3695 ὦτα

148 3719 314 3796 πτερύγια·
338 3717 368 3782 οἱ
387 3719 424 3782 δὲ
443 3716 660 3795 νυκτικόρακα.
688 3721 795 3781 horum
813 3724 919 3781 auctor
935 3722 1054 3782 videtur
1073 3741 1139 3782 esse
1158 3723 1323 3784 Pausanias

147 3811 200 3885 qui
222 3810 332 3869 totiena
355 3811 393 3870 ab
417 3811 577 3871 Eustathio
600 3829 660 3868 unu
684 3829 749 3870 oum
770 3811 856 3870 Aelio
875 3810 1019 3888 Dionysio
1044 3811 1191 3871 laudatur.
1229 3814 1323 3889 suspi-

148 3899 259 3957 cionem
281 3898 436 3959 oonfirmat
454 3899 622 3975 Hesyohius
642 3899 693 3975 qui
712 3917 801 3974 saepo
819 3919 885 3957 cum
900 3899 1051 3958 Pausania
1065 3901 1102 3958 ad
1117 3900 1241 3960 verbum
1256 3920 1323 3960 oon-

148 3987 255 4063 spirat:
282 3985 412 4062 Hesyoh.
431 3980 527 4048 ὠτος·
550 3982 679 4061 ὄρνεον,
704 3981 817 4062 όμοιον
840 3982 967 4059 γλαυκί·
995 3982 1026 4046 οἱ
1055 3984 1091 4047 δὲ
1115 3984 1322 4063 νυκτικόρακα

150 4107 364 4118 .—--—.-..-—.

222 4155 267 4225 ¹⁴⁷)
290 4155 476 4212 Eustathiano
498 4156 562 4212 loco
590 4156 690 4212 similis
715 4158 758 4211 eet
785 4158 931 4226 corruptus
953 4157 1031 4212 loeus
1054 4159 1097 4212 Et.
1122 4157 1178 4227 ug.
1203 4162 1269 4224 826,
1288 4163 1322 4212 20

147 4231 231 4284 ύιτος·
256 4232 330 4298 Ζῷον
349 4229 447 4293 ὅμοιον
464 4230 640 4296 νυκτικόρακι
659 4227 768 4297 [γλαυκί
782 4226 823 4298 f.].
849 4229 917 4281 ἔνιοι
936 4230 965 4282 δέ
984 4229 1054 4282 αύτὸ
1072 4230 1258 4296 νυκτικόρακα
1277 4246 1322 4283 κα-

146 4303 245 4354 λούςιν.
283 4301 337 4354 ἔςτι
360 4301 391 4354 δέ
409 4302 454 4353 καί
472 4301 590 4354 παλαιόν
610 4299 739 4369 [κόβαλος
758 4299 862 4366 Arint.].
900 4297 1007 4366 εἰλήφει
1029 4300 1060 4353 δέ
1078 4301 1203 4365 τοῦνομα
1225 4301 1269 4354 διά
1287 4287 1321 4354 τό

146 4372 261 4438 περὶτὰ
280 4372 340 4425 ἀιτα
357 4372 496 4438 πτέρυγας
514 4371 594 4436 ἔχειν.
628 4373 702 4424 δοκεῖ
721 4371 751 4424 δέ
770 4372 814 4424 καὶ
834 4371 931 4436 εύηθες
949 4372 1097 4424 εἶναικαὶ
1115 4371 1321 4443 εὐεξαπάτη-

145 4459 213 4498 τον.
250 4443 352 4513 γράφει
371 4447 441 4510 γούν
459 4442 521 4511 περὶ
541 4441 628 4496 αὐτοῦ
649 4441 835 4514 Ἀριςτοτὲλης
854 4444 910 4500 κτλ.
