3102 5158
232 195 299 260 350
698 211 826 284 Leopoid
843 213 934 270 Cohn:

231 360 386 436 λέγουςιν.
422 370 586 436 Pausanias
604 381 637 438 et
654 379 823 457 Hesychius
842 383 899 444 hoe
916 384 981 444 loeo
999 403 1058 444 non
1077 385 1248 462 discrepent
1271 387 1310 446 eb
1329 386 1410 460 aliie,
1530 424 1533 447 t

229 452 287 512 nisi
305 456 384 530 quod
402 463 648 526 contumeliosum
666 470 748 529 vooie
767 471 970 548 significatum
988 473 1140 533 omittunt.

249 623 256 642 ‚
318 542 397 612 Ques
417 548 453 608 de
468 551 583 630 origine
597 557 762 618 stultorum
777 561 931 620 nominum
946 556 1098 637 Κόροιβος
1114 557 1280 638 Μαργίτῃ(
1299 561 1410 640 Μελῃ-

228 627 315 703 τιδῃς
347 630 566 710 Μαμμάκυθος
597 637 799 724 Ἀμφιετίδῃς
832 643 911 730 (eive
942 644 1173 732 Ἀμφιςτείδῃς)
1205 649 1412 728 Πολύδωρος

228 717 388 780 Suetonius
407 742 454 800 ep.
474 727 560 792 nost
579 753 607 808 p.
625 736 721 810 1669,
736 739 778 798 43
797 730 857 818 (Μ)
876 744 982 800 narrat
998 740 1116 800 fotuns
1135 760 1151 799 e
1170 741 1296 817 Didymi
1315 743 1411 819 oopiis
1536 745 1537 752 ’

226 805 346 864 fluxisse
364 809 451 872 docet
470 819 562 880 eohol.
577 821 630 882 Ar.
644 823 719 884 lton
735 829 800 888 990
819 823 1041 902 Μαμμάκυθοι·
1122 823 1193 889 ἀντὶ
1206 831 1266 891 τοῦ
1285 826 1410 907 μαμμό-

225 896 363 968 θρεπτοι.
401 896 548 978 Δίδυμος
567 904 616 970 ὅτι
636 908 854 990 Μαμμάκυθος
873 913 924 977 καὶ
943 912 1122 992 Μελητίδης
1145 914 1198 978 έπὶ
1221 915 1327 998 μωρίᾳ
1345 921 1410 981 διε·
1537 907 1538 920 ’

226 979 392 1058 βέβληνῐθ,
416 989 565 1090 καθάπερ
585 996 635 1060 καὶ
654 997 674 1060 6
694 1001 880 1068 Βουταλίων
898 1002 949 1066 καὶ
971 1002 990 1066 6
1010 1001 1170 1081 Κόροιβος.
1212 1007 1250 1068 de
1273 1007 1411 1071 Coroebo

223 1090 291 1130 eum
313 1069 457 1174 Suetomo
482 1090 677 1150 consentiunt
699 1093 831 1170 Hesyeh.
854 1096 962 1156 Zenob.
984 1095 1027 1154 IV
1047 1097 1088 1156 58
1114 1088 1156 1175 (v.
1181 1115 1246 1173 sup.
1268 1118 1298 1173 p.
1319 1093 1409 1179 345).

221 1159 259 1264 <3⁰
277 1157 410 1236 Mergum
429 1165 595 1237 Suetonius
610 1197 658 1256 ιφ.
672 1181 758 1243 liunt.
778 1186 851 1244 haee
868 1187 985 1244 narret:
1005 1181 1108 1244 οὕτως
1123 1179 1269 1260 ἔγνωμεν
1283 1182 1336 1246 καὶ
1350 1183 1411 1248 τόν

222 1262 352 1352 αφθῡνξλ
374 1247 547 1337 Μαργίτην
571 1262 630 1328 τὸν
653 1263 719 1331 ἀπὸ
742 1273 800 1333 τού
824 1269 1008 1348 μαργαίνειν
1031 1268 1051 1333 ὅ
1074 1269 1137 1334 έςτι
1160 1270 1347 1348 μωραίνειν·
1370 1273 1411 1338 ὃν

221 1333 400 1438 &simmae
422 1342 484 1407 τόν
508 1347 774 1434 ἐπιγραφόμενον
800 1358 940 1438 Ὁμήρου
965 1358 1131 1437 Μαργίτην
1149 1357 1334 1425 ὑποτίθεται
1357 1361 1411 1426 εύ-

220 1439 342 1530 “Qvin
358 1425 419 1534 μὲν
444 1431 490 1498 εἰς
515 1436 700 1524 ὑπερβολὴν
723 1449 850 1524 γονέων
868 1451 976 1527 φάναι,
999 1449 1144 1526 γήμαντα
1167 1449 1202 1511 δέ
1227 1449 1267 1528 μὴ
1292 1469 1410 1530 ςυμπε-

220 1528 289 1624 feli}
306 1529 344 1594 Τά
364 1531 488 1630 νυμφφ,
508 1527 572 1594 ἕως
590 1530 847 1623 ἀναπιςθεῑςαβ)
870 1537 974 1616 ἐκείνη
993 1535 1253 1615 τετραυματίςθαι
1266 1537 1307 1602 τὰ
1322 1538 1411 1604 κάτω

219 1618 398 1712 ίῑκβψαῖῗ,
427 1619 605 1720 ξραμμακόν
631 1644 666 1688 τε
695 1627 794 1704 μηδὲν
822 1625 1001 1705 ὠφελήςειν
1026 1624 1103 1704 έφῃ,
1131 1627 1216 1704 πλὴν
1240 1625 1329 1691 εἰτὸ
1354 1625 1411 1693 άν-

221 1700 332 1771 δβεῑῦν
351 1697 484 1804 αῑδοιον
503 1707 570 1775 ἐκεῖ
589 1711 817 1794 έφαρμοςθείῃ·
841 1715 892 1778 καὶ
909 1714 995 1780 ούτω
1016 1713 1187 1792 θεραπείας
1212 1714 1304 1794 χάριν
1328 1717 1411 1781 έκεῖ-

220 1798 279 1850 νο(
302 1776 506 1888 ἐπληςιαςεν.
543 1822 692 1867 summam
710 1809 831 1869 fabulae
849 1808 922 1868 feeit
939 1807 1071 1884 Hesyoh.
1095 1803 1273 1882 Μαργίτης·
1303 1805 1412 1884 μωρός

220 1887 282 1979 τῑξι
306 1889 326 1948 η
351 1869 423 1984 [⁶3³]
449 1885 491 1965 μὴ
516 1887 610 1955 εἰδὼς
634 1896 715 1970 μῖξιν
738 1891 900 1970 γυναικός,
925 1891 984 1957 κᾶν
1007 1893 1087 1970 γυνὴ
1111 1894 1329 1972 προτρέπηται
1353 1895 1411 1959 αὐ-

221 1978 292 2066 τθνι·
323 1969 420 2031 Geton
438 1981 538 2042 multe
555 1984 587 2043 in
605 1985 652 2045 hie
671 1978 897 2063 turbarunt.¹⁴⁸)
917 2017 958 2028 —-
978 1985 1015 2045 de
1034 1985 1174 2045 Meletide
1192 1986 1317 2046 ridicule
1338 1987 1412 2049 Sue-

222 2067 325 2168 tomus
344 2055 518 2130 fabulatur:
543 2066 562 2133 6
581 2071 761 2150 Μελητίδης
785 2070 928 2150 ἀριθμεῖν
946 2091 981 2135 τε
1005 2071 1045 2149 μή
1069 2069 1249 2135 έπίςταςθαι
1273 2072 1411 2153 λέγεται,

225 2169 255 2216 ει
281 2161 321 2220 μη
344 2139 421 2227 ἄχρι
444 2158 513 2222 τῶν
535 2160 646 2239 πέντε,
674 2162 724 2226 καλ
752 2158 884 2236 ἀγνοεῖν
907 2159 987 2238 πρὸς
1011 2156 1171 2238 ὁποτέρου
1193 2163 1260 2225 τῶν
1282 2163 1412 2237 γονέων

226 2237 426 2320 ἀποκνηθείη
450 2247 502 2310 καὶ
525 2248 651 2329 νύμφης
675 2252 715 2329 μὴ
739 2249 878 2329 ἅψαςθαι
901 2247 1138 2328 εὐλαβούμενος
1166 2251 1225 2327 τὴν
1248 2250 1329 2328 πρὸς
1353 2272 1411 2330 μη-

226 2326 306 2404 τέρα
330 2325 501 2432 ῥῑαβολήν.
547 2342 624 2404 fuleo
655 2344 730 2402 haee
756 2343 795 2401 ad
822 2340 973 2418 Margiten
1005 2342 1177 2401 referuntur
1210 2343 1289 2417 apud
1322 2342 1412 2406 Phot.

231 2418 411 2522 Meotuuc·
435 2423 488 2489 ἐπὶ
512 2427 614 2511 μωρίᾳ
636 2427 903 2511 κωμῳδούμενος,
930 2424 970 2490 ὅν
999 2446 1075 2505 φαςι
1106 2424 1270 2506 ἀριθμῆςαι
1292 2427 1350 2505 μέν
1369 2432 1411 2508 μὴ

230 2511 332 2578 πλειω
359 2511 429 2575 τῶν
458 2516 554 2581 πέντε
578 2520 764 2596 δυνηθῆναι,
792 2515 921 2595 νύμφην
949 2515 984 2580 δὲ
1013 2513 1174 2594 ἀγόμενον
1202 2517 1243 2595 μὴ
1271 2515 1413 2595 άψαςθαι

231 2597 329 2675 αὐτῆς
351 2593 437 2665 ἀλλὰ
461 2609 640 2687 φοβεῖςθαι,
664 2609 704 2686 μὴ
728 2611 766 2690 τῇ
790 2605 881 2684 μῃτρῖ
904 2603 1004 2669 αύτὸν
1024 2604 1192 2686 διαβάλλῃ·
1216 2602 1348 2680 ἀγνοεῖν
1372 2607 1410 2672 δὲ

231 2685 364 2757 νεανίαν
386 2690 448 2771 ἤδη
472 2697 688 2774 γεγενημένον
711 2696 762 2762 καὶ
786 2691 998 2759 πυνθάνεςθαι
1021 2698 1077 2773 τῆς
1101 2694 1218 2772 μητρὸς
1237 2691 1321 2772 εἴγε
1343 2694 1411 2762 ἀπό

232 2782 293 2846 τοῦ
306 2775 406 2843 αὑτοῦ
421 2784 542 2862 πατρὸς
556 2785 678 2864 ἐτέχθη.
711 2788 898 2865 aliquantum
917 2786 956 2846 ab
975 2786 1117 2848 Suetonio
1136 2787 1307 2864 discrepent
1320 2788 1409 2850 Prov.

234 2872 324 2936 Coisl.
345 2874 386 2934 70
410 2866 463 2955 (ad
484 2877 570 2956 Diog.
590 2879 674 2940 Ριον.
694 2878 723 2936 V
743 2871 798 2957 12)
821 2869 1025 2950 γελοιότερος
1050 2870 1245 2950 Μελῃτίδου·
1269 2873 1321 2936 ἐπὶ
1343 2877 1412 2940 τῶν

235 2959 288 3026 ἐπὶ
315 2957 417 3044 μωρίᾳ
444 2965 711 3044 διαβεβλημένων.
754 2960 932 3039 Μελητίδης
960 2960 1021 3039 γὰρ
1048 2959 1128 3040 ἀνὴρ
1157 2962 1412 3044 κωμῳδούμενος

235 3048 299 3114 ὑπό
321 3051 388 3113 τῶν
411 3055 554 3129 ποιητῶν
577 3053 630 3117 ἐπὶ
653 3049 754 3133 μωρίᾳ
772 3050 852 3114 κατὰ
870 3048 970 3113 ταύτὰ
988 3054 1033 3133 τῷ
1055 3046 1267 3129 Ἀμφιςτείδη·
1290 3055 1410 3118 τοῦτον

236 3139 272 3206 δέ
296 3158 372 3218 φαςι
395 3137 559 3220 ἀριθμῆςαι
582 3142 641 3221 μὲν
660 3139 767 3205 πολλὰ
785 3131 931 3204 παθόντα
948 3139 1039 3217 μέχρι
1057 3141 1123 3203 τῶν
1143 3140 1238 3203 πέντε
1258 3141 1308 3206 καὶ
1327 3142 1413 3220 πέρα

236 3228 343 3310 μηκέτι
366 3227 527 3297 δύναςθαι.
563 3232 708 3310 γήμαντα
727 3229 762 3293 δὲ
781 3232 837 3306 τῆς
856 3227 982 3307 νύμφης
1002 3229 1041 3307 μὴ
1066 3226 1218 3306 ἅψαςθαι·
1242 3234 1412 3309 φοβεῖςθαι

236 3318 298 3397 γὰρ
322 3318 362 3398 μὴ
387 3317 485 3384 αὐτὸν
508 3321 528 3400 ἡ
552 3323 627 3384 παῖς
652 3324 690 3403 τῇ
719 3318 809 3396 μητρὶ
837 3315 1001 3399 διαβάλλῃ.
1039 3316 1057 3380 6
1081 3319 1119 3382 δὲ
1149 3315 1414 3397 Ἀμφιςτείδῃε

238 3406 346 3487 ἠγνόει
366 3408 398 3475 ἐξ
418 3408 579 3490 ὁποτέρου
597 3409 724 3485 γονέων
742 3407 855 3485 ἐτέχθη
875 3406 910 3470 ἐκ
928 3406 1049 3484 πατρὸς
1068 3408 1087 3486 ἢ
1107 3405 1232 3486 μητρός.
1268 3411 1305 3473 of.
1323 3412 1412 3474 Phot.

238 3495 609 3580 (lex.rhet.Bekk.279,
631 3493 686 3579 18)
711 3494 903 3574 Μελητίδῃς·
927 3493 972 3559 εἷς
996 3495 1046 3559 καί
1069 3493 1164 3560 οὗτος
1187 3500 1254 3561 τῶν
1277 3495 1413 3576 εύήθων,

237 3585 283 3652 ὡς
307 3585 326 3649 6
346 3586 517 3666 Μαργίτης,
540 3587 577 3651 ὃς
596 3585 654 3651 ούκ
672 3586 741 3670 ᾔδει
760 3586 862 3649 πλέον
880 3586 946 3649 τῶν
965 3584 1061 3649 πέντε
1081 3583 1233 3663 ἀριθμεῖν.
1265 3589 1413 3650 τοιοῦτος

241 3676 276 3740 δὲ
300 3675 351 3739 καὶ
375 3674 393 3738 6
418 3675 569 3756 Κόροιβος
593 3676 644 3739 καὶ
667 3675 686 3739 6
709 3672 934 3755 Ἀμφιςτείδης.

327 3762 468 3843 ἄγγαρος
483 3771 644 3832 stultorum
659 3768 824 3829 eonvioium
843 3769 884 3828 sio
901 3768 1117 3842 interpretetur
1131 3765 1290 3834 Suetonius
1306 3759 1413 3847 (ML):

239 3853 392 3933 ἄγγαρος·
413 3853 431 3918 6
446 3855 481 3919 ἐκ
500 3859 651 3934 διαδοχῆς
670 3851 940 3932 γραμματοφόρος
955 3849 1028 3916 καθ’
1045 3849 1221 3930 Ἡρόδοτον
1237 3850 1326 3938 (VIII
1342 3849 1413 3936 98)·

239 3943 325 4009 ούτω
353 3944 388 4007 δὲ
413 3944 561 4008 καὶτοὺς
590 3943 729 4008 εὐτελεῖς
757 3942 808 4006 καῖ
832 3939 978 4021 ἄφρονας
1006 3939 1183 4019 ὠνόμαζον.
1224 3945 1331 4021 quibus
1354 3946 1413 4023 frg.

239 4039 305 4099 Por.
325 4035 345 4110 β
365 4039 405 4095 21
426 4037 498 4097 haec
516 4037 613 4097 addit:
634 4030 749 4097 ...ύις
774 4032 976 4108 Μένανδρος’
999 4028 1032 4094 ἐξ
1057 4029 1156 4095 αύτοῦ
1174 4030 1283 4094 τοίνυν
1305 4030 1412 4094 καὶτὸ

239 4120 430 4201 ἀγγαρεύειν
453 4123 503 4186 καὶ
526 4122 546 4201 ἡ
569 4120 732 4200 ἀγγαμεία.
778 4125 881 4185 eodem
913 4123 1000 4183 modo
1034 4121 1164 4184 breviter
1196 4124 1414 4200 interpretetur

314 4259 360 4328 ¹⁴⁸)
378 4258 460 4314 Phot.
474 4257 575 4330 (said.)
590 4277 610 4314 s.
625 4278 651 4314 v.
667 4258 811 4327 Μαργίτης
824 4258 921 4310 narrat
933 4272 1005 4325 quee
1020 4255 1097 4312 Euat.
1114 4257 1149 4312 de
1163 4256 1296 4312 Meletide
1309 4256 1412 4323 tredit3

240 4333 276 4390 ed
301 4330 456 4389 Coroebum
479 4331 636 4386 referuntur
664 4347 734 4402 qnae
763 4329 798 4386 de
822 4327 942 4403 Margite
965 4330 995 4384 et
1017 4327 1149 4388 Meletide
1175 4329 1253 4387 Euat.
1276 4331 1415 4389 narratu

240 4403 326 4464 schol.
346 4403 412 4462 Luc.
430 4401 554 4478 Philops.
574 4408 598 4460 3.
