3102 5158
59 273 60 317 ἒ
144 277 183 332 lle
196 275 385 346 Aristophane
400 275 532 346 Byzantio
547 277 576 368 et
590 275 723 334 Suetonio
735 273 899 374 Tranquillo
909 274 1039 330 Eustathi
1054 273 1222 332 auctoribus.
1245 273 1310 338 297

144 445 271 506 Pollucis
291 446 327 505 de
347 440 440 521 μαγίς
456 447 558 522 glossa
575 446 811 522 disputationem
830 446 868 505 ad
887 444 1119 520 Aristophanem
1138 444 1312 522 grammati-

59 531 60 554 *
144 554 209 594 cum
222 536 401 610 rettulerim,
416 531 534 610 ςτίμμις
548 537 650 610 glossa
663 535 757 596 docet.
777 534 949 596 observavit
963 533 1181 609 Aristophanes
1195 537 1312 595 veteres

57 697 58 704 ἵ
143 624 268 684 formam
277 625 414 684 vocabuli
428 625 602 684 femininam
610 643 774 700 usurpasse
780 616 819 705 ²⁹)
835 628 865 683 et
879 623 959 683 Ionis
969 642 1089 684 versum
1104 624 1215 690 attulit.
1244 641 1312 684 cam

143 712 343 789 Aristophane
357 713 431 772 facit
443 712 588 772 PollurV
600 717 661 774 101
679 710 729 773 καὶ
747 709 766 788 ἡ
783 708 899 787 ςτίμμις
914 706 989 786 παρ’
1002 705 1086 773 Ἴωνι
1100 708 1137 772 ἐν
1146 705 1312 791 Ὀμφάλῃ·

56 837 57 844 .
144 795 204 883 ‘roi
222 799 280 876 τὴν
306 799 458 877 μέλαιναν
482 797 602 876 ςτίμμιν
629 795 902 878 ὀμματογράφον’.
944 820 1015 861 cave
1034 803 1135 861 autem
1154 820 1191 860 ne
1211 801 1310 860 Pollu-

144 890 321 966 semipsum
340 891 549 966 Aristophanis
569 889 669 954 λέξει(
692 893 801 954 adiisse
822 892 935 951 credas.
973 888 1210 950 Choeroboscum
1229 893 1311 950 certe

55 1030 56 1058 ,
146 981 193 1038 eas
207 997 265 1038 non
280 980 444 1056 inspexisse
459 981 609 1058 concedes,
628 981 680 1057 qui
693 981 771 1040 idem
786 980 881 1041 tradit
893 979 970 1039 Dict.
985 980 1017 1038 in
1031 979 1178 1040 Theodos.
1191 999 1219 1054 p.
1236 981 1314 1054 373,

146 1071 183 1126 16
275 1063 388 1143 εὑρέθη
407 1065 443 1131 δέ
461 1066 512 1129 καὶ
530 1065 568 1129 τὸ
582 1065 682 1144 ςτίμμι
701 1068 845 1144 θηλυκῶς
864 1063 1041 1142 λεγόμενον
1060 1061 1132 1127 οἷον
1151 1065 1170 1144 ἡ
1190 1063 1313 1142 ςτίμμις

143 1157 196 1232 τῆς
220 1152 388 1232 ςτίμμιδος.
430 1152 501 1218 Ἴων
521 1151 668 1238 Ὀμφάλῃ
693 1153 760 1218 ’καὶ
778 1156 837 1233 τὴν
861 1155 1014 1233 μέλαιναν
1033 1151 1155 1231 ςτίμμιν
1174 1151 1312 1231 ὀμματο·

143 1239 297 1335 γράφον’.
336 1246 539 1322 Antiphanem
567 1249 672 1307 laudat
698 1248 785 1307 Phot.
809 1267 832 1308 s.
850 1268 879 1307 v.
902 1237 1065 1325 (rippam)
1089 1275 1131 1286 -
1155 1246 1192 1306 de
1210 1246 1313 1306 Attico

52 1375 53 1380 κ
143 1335 221 1395 vocis
246 1330 454 1410 ςτεγοινόμιον
481 1356 539 1396 usu
561 1338 653 1397 tacite
676 1355 743 1396 corn
765 1336 968 1412 Aristophane
991 1335 1182 1396 consentiunt
1204 1335 1312 1395 Pollux

52 1437 53 1456 ³
143 1423 271 1500 Hesych.
289 1424 375 1484 Phot.
394 1425 450 1484 lex.
468 1426 546 1487 rhet.
563 1425 658 1486 Bekk.
677 1416 726 1507 (cf.
745 1426 853 1494 Nauck
871 1446 899 1501 p.
919 1416 1009 1504 201).

230 1513 383 1589 Exemplis
406 1532 483 1589 quae
507 1515 619 1590 protuli
643 1516 716 1576 satis
735 1516 956 1574 demonstrasse
979 1513 1053 1572 mihi
1070 1512 1185 1587 videor,
1212 1532 1313 1588 quem-

143 1601 302 1661 admodum
321 1602 359 1661 ab
374 1601 576 1678 Aristophane
594 1604 744 1679 pendeant
761 1603 963 1680 lexicographi
978 1601 1167 1679 superstites,
1186 1620 1314 1678 quorum

142 1709 228 1750 nemo
243 1694 333 1767 eaput
347 1687 419 1765 περὶ
433 1691 498 1751 τῶν
508 1687 782 1767 ὑποπτευομένων
796 1694 910 1765 laudat,
924 1711 1010 1752 nemo
1023 1692 1108 1752 vidit.
1126 1692 1314 1751 memorabili

142 1779 237 1856 igitur
251 1779 372 1839 fortuna
386 1799 441 1856 per
454 1782 640 1841 saeculorum
653 1781 713 1842 XII
727 1785 757 1842 et
771 1782 843 1840 XIV
857 1774 909 1863 (cf.
925 1779 1045 1841 Fresen.
1060 1801 1087 1856 p.
1106 1774 1162 1858 11)
1178 1781 1314 1840 homines

141 1868 324 1944 Byzantinos
352 1869 416 1928 eius
437 1871 582 1930 memoria
609 1872 647 1930 ad
675 1890 729 1931 nos
752 1868 904 1946 pervenit,
928 1888 995 1930 cum
1018 1870 1087 1946 plus
1114 1869 1196 1928 mille
1220 1887 1314 1930 annos

143 1957 292 2018 oblivione
310 1957 419 2018 fuisset
437 1958 587 2022 obrutum.

229 2045 440 2122 Aristophanis
467 2051 655 2124 grammatici
682 2050 851 2127 fragmenta
880 2049 958 2108 sedis
990 2049 1121 2106 incertae
1150 2065 1217 2106 cnm
1245 2067 1312 2124 per-

51 2193 52 2216 ,
141 2135 311 2210 lustrarem,
330 2155 402 2194 num
416 2155 495 2212 quae
507 2139 568 2196 alia
585 2139 654 2198 huic
668 2138 760 2214 capiti
777 2136 937 2198 tribuenda
951 2138 1061 2211 essent,
1078 2135 1199 2196 induas
1219 2135 1311 2198 incidi

115 2225 257 2302 ¹‘glossas
275 2223 486 2300 Aristophanis
509 2227 628 2287 nomine
647 2228 835 2303 explanatas,
858 2245 934 2304 quae
954 2224 1065 2302 optime
1084 2226 1142 2284 huc
1160 2225 1313 2300 pertinere

27 2358 31 2370 .
141 2312 214 2373 mihi
238 2313 385 2372 videntur.
431 2318 625 2375 enatantem
648 2316 705 2393 frg.
726 2319 766 2376 36
792 2319 822 2387 et
843 2319 897 2395 79,
920 2316 1038 2392 glossae
1061 2311 1262 2389 κωλακρέτης
1282 2319 1314 2375 et

49 2387 51 2420 Γ
142 2395 337 2476 ὀρείχαλκος.
382 2403 511 2477 priorem
541 2405 660 2465 exhibet
683 2405 774 2466 schol.
801 2405 854 2464 Ar.
877 2405 1037 2465 Av.-1541
1060 2395 1134 2463 ’τὸν
1152 2400 1312 2479 κωλακρέ·

141 2484 225 2565 την’·
240 2536 246 2550 .
262 2535 291 2550 ..
315 2485 542 2568 Ἀριςτοφάνης
566 2488 584 2552 ὁ
603 2489 816 2569 γραμματικὸς
843 2488 978 2553 τούτους
1001 2486 1114 2565 ταμίας
1133 2485 1215 2550 εἶναί
1239 2507 1315 2571 φηςι

50 2597 51 2600 ’
141 2579 199 2638 τοῦ
229 2579 405 2641 discessiset
438 2583 556 2654 μιςθοῦ.
612 2579 651 2643 οὐ
683 2578 784 2657 μόνον
816 2580 851 2645 δὲ
884 2577 1002 2642 τούτου
1034 2577 1093 2654 τὴν
1126 2575 1310 2654 ἐπιμέλειαν

141 2663 326 2742 ἐποιοῦντο,
351 2663 401 2728 ὥς
424 2686 548 2745 φηςιν,
572 2665 657 2731 ἀλλὰ
684 2669 735 2731 καὶ
758 2667 798 2731 τὰ
820 2667 865 2731 εἰς
888 2666 983 2731 θεοὺς
1006 2662 1238 2742 ἀναλιςκόμενα
1263 2665 1315 2729 διὰ

140 2753 266 2817 τούτων
285 2751 483 2838 ἀνηλίςκετο,
506 2754 551 2819 ῶς
569 2753 762 2835 Ἀνδροτίων
785 2755 903 2837 γράφει
926 2755 1041 2820 οὕτως·
1066 2752 1150 2817 ‘voit
1174 2754 1209 2816 δὲ
1235 2754 1316 2820 ἰοῦςι

140 2842 278 2908 Πυθῶδε
303 2847 438 2921 θεωροῖς
460 2845 536 2912 τοὺς
564 2847 767 2924 κωλακρέτας
790 2845 914 2910 διδόναι
943 2845 1066 2911 ἐκτῶν
1094 2846 1313 2922 ναυκληρικῶν

141 2929 279 3009 ἐφόδιον
303 2929 450 3011 ἀργύρια,
475 2934 526 2996 καὶ
551 2933 595 2998 εἰς
618 2933 699 2999 ἄλλο
723 2933 773 2998 ὅτι
799 2933 839 2998 ἂν
859 2935 915 3017 δέη
939 2931 1109 2996 ἀναλῶςαι.
1153 2932 1260 3010 ταμίαι
1280 2934 1317 3000 δὲ

143 3019 224 3098 ἦςαν
242 3019 294 3084 καὶ
313 3025 511 3098 προεςτῶτες
530 3027 586 3102 τῆς
600 3023 749 3102 δημοςίας
768 3018 983 3105 cirotecam)
1014 3043 1090 3100 quae
1109 3025 1197 3083 docta
1216 3026 1329 3085 obser-¹

142 3113 224 3172 vatio
243 3113 362 3172 cuinam
375 3115 465 3190 capiti
483 3116 623 3177 convenit
640 3116 699 3177 nisi
712 3116 802 3193 capiti
821 3112 893 3190 περὶ
906 3113 973 3175 τῶν
987 3108 1260 3187 ὑποπτευομένων
1275 3112 1315 3189 μή

44 3245 45 3274 3
140 3197 280 3276 εἰρῆςθαι
298 3202 367 3261 τοῖς
382 3197 597 3287 παλαιοῖς33έ)
616 3207 693 3266 hanc
707 3207 840 3282 glossam
854 3204 984 3281 Didymo
997 3203 1106 3264 debere
1122 3202 1316 3264 scholiastam

183 3447 189 3460 ,
205 3387 249 3456 ,19)
264 3388 482 3460 Aristophanem
495 3393 529 3447 τὸ
540 3393 629 3460 ςτίμμι
644 3393 789 3449 damnasse
802 3392 919 3447 tradunt
932 3391 1009 3445 Eust.
1019 3390 1072 3460 frg.
1082 3389 1159 3455 Par.;
1175 3389 1316 3458 discrepat

139 3458 183 3514 M:
207 3460 311 3526 ςτίμμις
335 3464 380 3515 καὶ
399 3463 496 3529 ςτίμμι.
532 3466 569 3518 τὰ
593 3465 631 3519 εἰς
653 3467 764 3531 ὄμματα
787 3465 915 3533 χρήςιμα·
939 3462 1048 3525 λέγεται
1072 3461 1102 3514 δέ
1126 3462 1170 3513 καλ
1189 3463 1317 3527 θηλυκῶς

39 3563 40 3605 p
141 3534 188 3584 καὶ
207 3533 375 3601 οὐδετέρως,
395 3550 466 3602 quae
485 3551 518 3589 ex
537 3533 645 3592 librarii
664 3536 808 3592 cuiusdam
827 3532 991 3590 commentis
1011 3534 1073 3586 orta
1091 3546 1152 3586 esse
1171 3531 1316 3587 consentio

38 3635 39 3657 ι
141 3619 207 3656 eum
230 3603 361 3658 Fresenio
385 3607 423 3674 (p.
443 3609 497 3675 31).
538 3605 734 3675 Aristophanis
763 3603 932 3660 sententiam
958 3604 1062 3660 falsam
1090 3618 1151 3656 esse
1179 3602 1317 3657 indicavit

36 3820 38 3846 ³
140 3815 212 3880 tien.
231 3815 298 3871 Litt.
318 3817 378 3888 Ztg.
401 3824 468 3874 1848

141 3673 243 3728 Nauck
261 3691 288 3743 p.
308 3680 373 3730 205:
395 3679 448 3743 τὴν
468 3677 574 3744 ςτίμμιν
593 3693 652 3732 esse
671 3677 862 3732 accusativum
880 3674 1079 3730 heteroclitum
1097 3673 1264 3728 nominativi
1281 3675 1316 3728 τὸ

141 3743 242 3810 ςτίμμι.
276 3745 409 3801 adversus
423 3747 582 3802 Nauckium
601 3749 721 3804 sormam
739 3752 756 3816 ἡ
776 3747 880 3814 ςτίμμις
898 3745 957 3801 inre
977 3743 1102 3801 defendit
1117 3744 1147 3800 Ο.
1163 3744 1316 3799 Schneider

487 3838 515 3922 p.
535 3823 606 3890 979).
640 3820 676 3875 cf.
695 3820 796 3876 Moeris
810 3825 871 3888 209,
892 3823 923 3871 12
944 3823 1028 3883 ςτῖμις
1047 3815 1164 3884 [ςτίμμις
1177 3815 1210 3886 1.]
1231 3817 1328 3872 'Arra-¹

34 3889 35 3893 ’
139 3887 193 3957 κοί,
210 3893 279 3954 ςτῖμι
290 3889 425 3957 Ἕλληνες.
436 3921 470 3930 -
501 3891 521 3960 ⁰)
536 3890 650 3946 Formas
661 3891 791 3947 vocabuli
801 3889 878 3957 trina
890 3889 957 3955 ςτίβι
970 3888 1030 3942 iure
1040 3886 1217 3942 librariorum
1229 3889 1316 3945 errori

140 3957 302 4012 tribuerunt
319 3961 448 4016 Mainake
469 3961 544 4018 Com.
560 3963 599 4017 ΙΙΙ
615 3968 665 4017 103
684 3962 784 4017 Nauck
798 3980 825 4031 p.
840 3966 901 4015 205.
930 3959 1005 4026 ςτίβη
1025 3958 1161 4027 scriptum
1180 3960 1224 4013 est
1241 3962 1315 4030 apud

140 4029 246 4098 Phryn.
270 4027 358 4086 Bekk.
378 4038 475 4101 68,18
499 4034 619 4103 Hesyoh.
637 4033 719 4089 Phot.
739 4033 858 4088 Antiatt.
879 4037 943 4098 114,
964 4038 988 4088 7.
1016 4031 1046 4084 in
1069 4029 1225 4084 minuscula
1244 4049 1316 4100 quae

138 4099 244 4155 dieitur
261 4099 400 4170 scriptura
418 4105 543 4161 confusio
561 4105 718 4160 litterarum
738 4109 752 4170 β
773 4107 802 4158 et
820 4101 995 4170 piacillima.
1015 4133 1049 4141 —
1070 4100 1104 4170 31)
1124 4100 1224 4155 Nauck
1246 4102 1317 4156 nihil

140 4170 198 4224 nisi
225 4172 311 4226 verba
341 4174 541 4244 Ἀριςτοφάνηε
564 4207 597 4216 -
621 4171 715 4244 μιςθοῦ
743 4174 926 4244 Aristophani
949 4172 1084 4243 Byzantio
1112 4171 1224 4227 tribuit:
1253 4190 1317 4228 meo

25 4249 26 4263 ¹
139 4241 254 4310 quidem
278 4241 383 4299 iudicio
402 4245 473 4301 illud
491 4249 530 4302 ῶς
548 4265 631 4317 φηςιν
655 4248 738 4305 docet
760 4245 855 4301 omnia
873 4261 934 4300 esse
953 4242 1149 4312 Aristophanis
1167 4246 1261 4302 ve'rha.
1283 4275 1318 4286 —

23 4319 24 4373 Ξ
140 4313 344 4370 colacretarum
364 4332 480 4372 munera
498 4323 563 4388 post
578 4319 749 4375 Clisthenem
763 4317 914 4388 apodectas
933 4315 1088 4385 suscepisse
1103 4313 1177 4369 idem
1196 4317 1317 4370 testatur

23 4378 25 4399 '
138 4383 279 4442 Androtio
298 4403 343 4456 ap.
362 4387 447 4458 Harp.
468 4405 489 4444 s.
508 4407 534 4444 v.
554 4392 711 4446 ἀποδέκται.
732 4421 764 4430 -
786 4387 821 4458 ³²)
839 4387 1035 4456 Aristophanis
1055 4385 1212 4440 doctrinam
1231 4387 1317 4442 tacite

140 4471 239 4510 omnes
262 4459 455 4530 lexicographi
478 4460 606 4516 tradunt:
630 4461 749 4530 Hesych.
770 4459 842 4516 Tim.
861 4460 915 4514 lex.
935 4457 1007 4516 Plat.
1027 4477 1055 4528 p.
1076 4463 1137 4512 171.
1162 4458 1243 4513 Phot.
1262 4459 1316 4517 lex.

196 4556 276 4598 Jahrb.
287 4557 302 4598 f.
313 4558 380 4599 class.
390 4558 473 4599 Philol.
488 4558 566 4608 Suppl.
576 4560 617 4600 Bd.
624 4561 678 4628 m
1069 4553 1104 4602 20
