3102 5158
149 246 190 303 De
205 244 393 317 Aristophane
407 243 541 315 Byzantio
557 247 586 302 et
600 243 734 302 Suetonio
745 243 909 316 Tranquillo
923 242 1055 302 Euolethi
1069 244 1237 302 auctoribus.
1257 243 1323 308 345

147 411 263 490 χάςκαξ
274 407 325 500 132)
340 412 522 494 χαλαίβαςις
530 408 582 498 133)
602 410 758 493 ἐκδρομάς
772 410 909 493 κυβάλης
924 412 1112 493 ςποδόρχης,
1128 409 1178 499 (4)
1194 416 1322 492 χλοινο-

148 503 246 581 θήρας
262 505 455 582 ςκοτομήδης
470 502 657 581 μινυθώδης,
672 504 721 584 (6)
737 499 999 588 ςυναγωγεύςῑίί)
1015 501 1198 581 ςπάλαθρον
1213 505 1322 568 δοῖδυξ

145 591 278 670 τορύνη,
302 590 351 677 (8)
378 587 652 673 ςορόπληκτοςῐίῧ)
677 594 800 672 Κυβήβη
824 592 927 670 Τηθύς
949 591 1121 672 λιμοκίμβιξ
1145 591 1322 670 κυμινοκίμ-

148 677 254 762 prim)
278 681 517 760 ςυκοτραγίδης,
548 677 621 766 (sl)
645 683 864 760 γαςτεροπλήξ
892 679 1143 760 τραπεζολοιχός
1173 701 1322 759 μεςςηγυ-

147 771 375 849 δορποχέςτης,
404 768 476 856 (14)
500 770 690 849 τριςεξωλης
718 771 877 849 τριπέδων
904 768 1098 849 τριςοιΖυράς
1126 790 1322 849 τριςκεκορη-

147 859 242 936 μένος
266 857 478 924 ἑπτάδουλος.
506 866 623 923 ceterae
638 881 740 924 omnes
758 863 825 940 peri
838 864 886 924 vel
904 863 994 923 simili
1012 864 1099 924 modo
1119 863 1199 939 opud
1217 863 1323 923 lexico-

147 952 278 1028 graphos
304 953 506 1014 illustrantur.
542 953 670 1012 maxime
693 953 824 1013 omnium
848 971 915 1012 cum
934 952 1076 1012 Suetonio
1095 952 1247 1028 conspirat
1265 952 1323 1012 He·

147 1041 276 1118 sycbius‚
302 1044 337 1100 ut
355 1041 435 1100 haud
454 1041 557 1117 paucis
577 1041 651 1102 locis
670 1043 748 1101 ulter
761 1043 890 1102 alterum
904 1042 966 1101 fere
981 1041 1163 1119 expressisse
1176 1041 1323 1100 videatur.

147 1132 276 1206 quantus
296 1129 336 1189 sit
354 1149 529 1207 consensus,
553 1130 688 1206 exemplu
711 1131 857 1208 quaedum
882 1131 1000 1208 integre
1019 1130 1169 1206 descripto
1187 1130 1323 1190 doceant.

148 1218 281 1277 ordinem
311 1237 418 1295 sequor
444 1219 574 1294 cupitum
604 1219 865 1280 Suetonionorum:
899 1218 979 1278 Suet.
1004 1238 1050 1295 ap.
1075 1220 1159 1278 Eust
1182 1239 1210 1295 p.
1238 1221 1321 1284 1329

150 1306 232 1365 Suid.
252 1327 274 1368 s.
294 1329 321 1367 v.
341 1303 495 1383 μυςάχνη;
524 1302 709 1383 Ἀρχίλοχος
733 1306 769 1368 δὲ
788 1308 954 1383 παχεῖαν
973 1304 1026 1368 καὶ
1042 1305 1177 1383 δήμιον
1197 1301 1238 1387 (ν.
1257 1322 1322 1384 sup.

147 1399 218 1455 note
239 1391 296 1477 94)
319 1393 421 1471 ἤγουν
444 1394 554 1472 κοινὴν
577 1397 623 1476 τῷ
647 1396 736 1477 δήμῳ
760 1394 810 1457 καὶ
833 1391 998 1472 ἐργάτιν.
1031 1396 1160 1473 Hesyoh.
1183 1391 1322 1471 ἐργάτις·

149 1483 209 1560 τὴν
229 1480 447 1561 Νεοβουλείαν
466 1483 565 1559 λέγει,
588 1481 633 1545 ὡς
657 1480 721 1563 (καὶ
740 1485 909 1546 addendum
927 1478 1062 1566 videtur)
1082 1485 1230 1560 παχεῖαν.

237 1573 317 1635 Suet.
337 1594 384 1650 ep.
403 1574 488 1635 Eust.
507 1595 536 1650 p.
552 1577 625 1650 863,
641 1578 681 1635 29
756 1571 879 1637 Ἄλεξις
894 1570 912 1634 δ
927 1570 1063 1649 κωμικὸς
1078 1569 1323 1650 λευκόπυγον

147 1657 211 1737 ἔφη
239 1660 298 1723 τὸν
321 1657 495 1737 ἄνανδρον,
524 1657 563 1723 οὗ
587 1659 723 1738 ἔμπαλιν
751 1659 1022 1740 μελαμπύγους
1049 1661 1125 1724 τοὺς
1153 1658 1321 1738 ἀνδρείους

147 1745 275 1825 ἔλεγον,
304 1746 381 1813 ὅθεν
404 1749 455 1811 καὶ
479 1741 631 1828 παροιμία
654 1749 692 1812 τὸ
719 1747 827 1812 ὀὔπω
856 1749 1053 1832 μελαμπύγῳ
1077 1746 1241 1826 ἐνέτυχες’
1272 1748 1323 1834 (ολ

147 1841 255 1901 Zenob.
281 1841 369 1901 Prov.
393 1840 422 1898 V
446 1834 510 1922 10).
552 1841 684 1919 Hesyoh.
709 1837 921 1913 λευκόπυγος·
946 1837 964 1901 δ
989 1835 1163 1916 ἄνανδρος·
1186 1836 1323 1916 ἔμπαλιν

147 1927 183 1989 δὲ
207 1926 434 2004 μελαμπύγους
461 1928 536 1990 τοὺς
562 1924 728 2005 ἀνδρείους
752 1926 877 2003 ἔλεγον.
918 1931 955 1991 cf.
978 1931 1065 1991 Phol.
1094 1926 1323 2003 λευκοπάγους.

237 2018 319 2078 Suet.
344 2011 403 2099 (Μ)
429 2013 577 2094 βάκηλος·
607 2014 829 2094 δάπάκοπος,
857 2016 896 2080 ὃν
924 2015 1003 2080 ἔνιοι
1035 2014 1158 2091 γάλλον
1187 2016 1322 2092 λέγουςι.

147 2108 276 2184 Hesyoh.
294 2102 442 2183 βάκηλος·
521 2106 539 2184 ἢ
556 2103 574 2167 δ
589 2103 764 2183 άπόκοπος,
783 2102 875 2169 ὁὺπ’
889 2103 985 2169 ἐνίων
1004 2103 1133 2180 γάλλος.
1161 2108 1198 2169 of.
1214 2109 1323 2185 Phrpu

147 2196 220 2257 Lob.
240 2216 268 2272 p.
288 2198 361 2257 272.
983 2263 985 2269 ,

236 2284 317 2345 Suet.
337 2278 396 2365 (Μ)
415 2281 597 2346 κνώδαλον·
615 2283 740 2362 θηρίον·
764 2281 933 2348 πλεονάζει
953 2281 981 2346 δ’
999 2282 1052 2346 ἐπὶ
1074 2286 1133 2346 τοῦ
1152 2281 1321 2347 θαλαςςίου

147 2367 212 2434 ἀπὸ
231 2373 290 2433 τοθ
309 2370 345 2434 ἐν
363 2369 417 2434 ἁλὶ
435 2375 593 2436 κινεῑςθαι.
626 2375 757 2453 Hesyoh.
778 2370 883 2455 (schol.
902 2376 980 2435 Plut.
998 2376 1053 2435 Ax.
1073 2395 1101 2450 p.
1121 2366 1221 2455 365o)
1241 2371 1322 2435 κνώ-

147 2457 368 2538 δαλα·κυρίως
378 2459 419 2523 τά
428 2459 754 2525 θαλάττιακνώδαλα
764 2459 825 2539 γάρ
836 2460 899 2524 ἐςτι
908 2460 993 2524 τὰέν
1003 2465 1042 2544 τῇ
1051 2458 1104 2524 ἁλί
1114 2459 1323 2538 κινούμενα...

236 2552 318 2613 Suet.
342 2572 389 2628 ap.
411 2553 497 2613 Ernst.
522 2575 549 2630 p.
570 2548 715 2626 537,4ί.
737 2556 836 2629 1909,
856 2554 897 2613 55
922 2545 982 2634 (Μ)
1005 2547 1158 2626 Λαπίθης·
1182 2547 1200 2610 ὁ
1224 2548 1321 2627 αὐχη-

147 2636 270 2715 ματίας·
294 2636 359 2700 ἀπὸ
374 2641 432 2701 τοῦ
452 2640 550 2702 λαοὺς
564 2638 609 2702 εἰς
628 2636 703 2702 ὄπιν
722 2636 812 2715 ἄγειν
830 2639 881 2703 καλ
900 2638 1096 2716 ἐπιςτροφήν
1115 2637 1216 2721 ἐντῷ
1235 2657 1321 2716 περι-

147 2728 397 2804 αυτολογεῑςθαι.
434 2732 543 2791 excidit
566 2733 691 2792 verbum
715 2732 793 2790 unde
818 2726 960 2804 Λαπίθης
982 2730 1112 2790 derisuri
1135 2731 1233 2790 voluit
1251 2730 1322 2790 Sue·

146 2820 260 2880 tonius:
280 2819 468 2884 scribendum
488 2824 534 2880 est
552 2815 617 2880 ἀπὸ
635 2820 694 2880 τοῦ
714 2813 872 2901 (λαπίῑειν
891 2814 909 2879 ὅ
929 2813 1005 2900 ἐςτι)
1025 2816 1124 2880 λαοὺς
1138 2819 1203 2881 κτλ.
1232 2823 1322 2896 etque

148 2909 190 2968 sio
213 2908 341 2985 Hesyoh.
365 2904 529 2971 λαοπίζειν
552 2907 571 2984 ἢ
595 2905 752 2970 λαπίζειν·
775 2906 851 2969 τοὺς
875 2906 973 2968 λαοὺς
998 2903 1042 2969 εἰς
1064 2901 1139 2968 ὄπιν
1162 2902 1253 2980 ἄγειν
1271 2905 1322 2968 καὶ
1437 2905 1438 2908 ’

149 2993 345 3072 ἐπιςτροφήν
365 2991 416 3056 διὰ
434 2998 490 3074 τῆς
509 2992 707 3061 ἀλαζονείας.

236 3085 318 3147 Suet.
338 3105 384 3162 op.
400 3089 484 3148 llust.
499 3107 527 3164 p.
545 3089 638 3161 1669,
656 3089 699 3146 44
719 3079 779 3168 (Μ)
799 3081 965 3163 Κόροιβος·
988 3081 1008 3145 δ
1027 3081 1156 3161 εὐήθης·
1179 3081 1244 3145 ἀπὸ
1263 3085 1322 3146 τοῦ

150 3171 322 3246 Μύγδονος
341 3173 468 3249 Φρυγὸς
487 3172 648 3250 τὸγένος,
667 3173 703 3236 ὃς
723 3176 810 3236 δοκεῖ
827 3171 959 3236 ὕςτατος
977 3175 1044 3235 τῶν
1063 3171 1243 3250 ἐπικούρων
1258 3169 1320 3251 ἀφ-

149 3260 265 3324 ικέςθαι
283 3263 329 3342 τῷ
348 3259 482 3344 Πριάμῳ
503 3259 546 3325 δι’
566 3261 722 3341 εὐήθειαν.
759 3265 888 3341 Hesyoh.
913 3258 1036 3344 (Zenob.
1057 3264 1101 3323 IV
1121 3256 1238 3345 58)¹³⁷)
1263 3259 1320 3325 Κό-

150 3352 270 3427 ροιβος·
295 3347 415 3425 ἠλίθιος
434 3351 485 3414 καὶ
503 3348 622 3430 μωρός·
642 3350 695 3414 ἐπὶ
713 3349 776 3427 γὰρ
794 3353 853 3414 τοῦ
872 3348 1091 3448 μωραίνοντας
1110 3347 1245 3413 ἔταττον
1263 3349 1321 3413 τὸν

221 3505 266 3575 ¹³⁹)
285 3505 332 3561 Ar.
351 3505 435 3575 Vesp.
456 3509 508 3560 695
531 3507 561 3560 ςὺ
581 3507 612 3560 δὲ
634 3507 774 3573 χαςκάζεις
795 3507 847 3561 τὸν
866 3507 1045 3572 κωλαγρέτην
1069 3505 1167 3572 (schol.
1188 3506 1250 3560 ἀντὶ
1268 3511 1320 3560 ποθ

146 3580 300 3646 ἑπιτηρεῖς).
333 3609 366 3616 -
403 3576 449 3644 ¹³³)
469 3576 645 3632 Vocabulum
668 3577 798 3632 similiter
821 3575 1008 3646 compositum
1027 3577 1070 3630 cst
1087 3576 1256 3644 χαλαίρυπος
1275 3594 1320 3646 up.

148 3649 250 3704 Oratin.
273 3649 349 3704 Com.
369 3649 474 3703 11212.
509 3679 542 3687 —
578 3647 623 3716 ¹³⁴)
643 3647 683 3703 ef.
703 3649 765 3717 Lys.
784 3647 836 3702 XlI
854 3655 903 3715 43,
926 3647 975 3702 ubi
999 3646 1175 3702 scribendum
1199 3649 1244 3702 est
1261 3665 1321 3702 ςυν-

147 3727 264 3844 sulti
287 3722 627 3846 tvtlt‘lllt‘ll‘
659 3721 802 3860 2222)
820 3721 857 3845 ii
877 3724 937 3844 iiV
958 3721 1094 3844 llzll·
1119 3717 1177 3844 sis·
1188 3718 1321 3845 13⁰3?

147 3832 361 3928 colpuv‘ffiut.
385 3835 453 3918 Μοί.
477 3880 504 3931 ρ.
526 3807 667 3929 1³3)an
699 3861 744 3931 ¹³⁰)
769 3860 810 3916 Oi.
835 3831 881 3915 Ar.
902 3808 985 3931 besp:
1011 3807 1320 3929 rsor'ropivouplcsbc.

147 3963 181 3972 —
205 3932 249 3999 137)
269 3931 350 3998 Quod
369 3933 506 3989 Zenobius
520 3933 616 3988 multis
634 3933 704 3988 locis
718 3950 781 3988 cum
795 3932 945 4001 Pamphilo
960 3932 1075 4000 eiusque
1089 3932 1321 4002 compilatoribus

147 4002 285 4073 congruit,
303 4002 362 4057 sine
380 4002 465 4059 dubio
484 4004 549 4059 inde
567 4004 764 4074 explicandum
778 4006 830 4072 est,
848 4002 923 4072 quod
938 4005 1055 4070 uterque
1070 4018 1084 4056 e
1099 4002 1214 4072 Didymi
1233 4003 1320 4073 copiis

147 4075 250 4130 hausit.
288 4074 424 4129 Zenobius
448 4091 476 4130 se
500 4076 543 4131 sui
566 4074 659 4146 operis
681 4076 833 4130 maximum
856 4076 965 4144 purtem
989 4072 1110 4142 Didymo
1134 4074 1235 4129 debere
1259 4073 1321 4142 ipso

148 4146 214 4201 libri
233 4144 276 4200 sui
294 4144 378 4199 titulo
396 4146 550 4215 profitetur.
578 4147 628 4203 sed
646 4146 796 4216 proverbio
810 4144 948 4218 quaedem
961 4145 992 4199 iu
1005 4143 1069 4199 eliis
1083 4161 1193 4214 quoque
1208 4144 1322 4214 Didymi

147 4216 226 4272 libris
245 4218 463 4273 commemorate
477 4233 509 4272 uo
523 4221 647 4272 tractatu
663 4217 750 4272 fuisse
764 4219 980 4272 consentaneum
996 4219 1048 4270 est.
1076 4218 1108 4269 ut
1126 4215 1200 4270 hunc
1218 4217 1321 4284 locum,

147 4288 256 4357 dequo
275 4287 394 4359 agimus,
413 4289 443 4342 et
461 4287 489 4341 in
504 4288 659 4357 proverbiis
678 4289 818 4344 exstitisse
834 4287 885 4342 sub
904 4287 1037 4341 lemmate
1057 4287 1191 4353 Κοροίβου
1210 4289 1320 4354 ἠλιθιώ-

146 4375 227 4426 τερος
245 4359 370 4429 (Zenob.)
389 4362 418 4414 et
436 4359 466 4413 in
484 4360 553 4415 λέξει
571 4367 677 4430 κωμικῇ
697 4360 741 4431 (of.
761 4360 848 4416 schol.
867 4360 914 4412 Ar.
934 4358 1004 4412 Rau.
1024 4359 1087 4426 990)
1112 4358 1164 4412 sub
1186 4359 1321 4414 lcmmuto

151 4431 281 4500 Κόροιβος
303 4431 446 4502 (Hesyoh.)
470 4432 591 4488 statuere
614 4432 691 4488 licet.

200 4529 280 4574 Jahrb.
295 4529 310 4573 f.
325 4530 390 4571 cluss.
405 4530 487 4573 Philol.
503 4530 580 4580 Suppl.
594 4530 635 4571 Bd.
651 4531 707 4572 xn.
1072 4523 1107 4578 23
