3102 5158
135 287 178 343 De
188 286 377 358 Aristophane
386 284 523 354 Byzantio
537 287 567 341 et
582 283 715 342 Suetonio
730 283 894 356 Tranquillo
909 282 1040 342 Eustathi
1056 286 1225 344 auctoribus.
1245 277 1308 350 311

222 457 305 517 Finis
324 456 431 533 capitis
450 457 537 518 valde
556 454 714 516 mutilatus
733 458 765 516 ot
787 447 944 533 corruptus
963 455 1002 518 acl
1019 476 1074 517 nos
1097 458 1242 534 pervenit.
1279 457 1311 515 M

136 565 311 623 caprearum
328 546 498 606 nominibus
516 540 672 620 δορκάδετ
691 539 802 620 Ζόρκεε
820 540 938 620 πρόκετ
956 546 1094 624 adiungit
1111 547 1197 608 haec:
1216 542 1256 607 τὰ
1274 543 1310 606 δὲ

136 633 194 696 νέα
212 631 339 696 τούτων
357 628 449 710 ὄβρια
466 630 518 695 καὶ
536 630 702 710 ὀβρίκαλα,
727 654 803 712 qnae
822 635 860 694 ad
882 630 1047 710 ὑττρίχουτ
1070 637 1227 697 referenda
1245 655 1311 698 esso

135 728 286 785 testantur
304 723 369 784 Ael.
389 727 421 784 ct
441 725 527 784 Most.
546 744 575 800 p.
596 726 691 784 1625.
726 727 792 783 tum
809 724 841 783 in
859 725 891 782 M
910 729 1076 802 sequuntur
1093 726 1181 786 haec:
1198 721 1239 786 τὰ
1257 720 1311 801 ἔμ-

105 857 109 863 .
137 814 216 889 βρυα
235 811 271 873 δὲ
289 809 329 873 τὰ
347 807 557 887 ἀρτιγέννητα
575 809 627 872 καὶ
645 808 784 887 ψὰκαλα.
821 833 868 890 ap.
887 814 973 874 Most.
991 834 1019 890 p.
1042 815 1125 876 1625
1145 816 1232 875 haec:
1257 805 1310 890 ἔμὲ

137 902 217 977 βρυα
235 899 270 962 δέ
289 918 361 963 τινα
379 897 430 963 καὶ
448 896 596 977 ἀρτιγενῆ
613 899 648 961 δὲ
668 897 798 976 ψάκαλα
817 900 903 974 λέγει
921 901 1083 964 καλεῖτθαι
1103 901 1167 979 [καὶ
1184 898 1310 979 ὀρταλί-

135 983 286 1072 xouc⁵⁷)],
304 1011 334 1067 p.
355 994 427 1067 777,
448 993 488 1050 62
505 1037 512 1051 .
527 1037 556 1052 ..
576 987 627 1051 καὶ
646 985 695 1050 ότι
714 985 845 1065 ψάκαλα
862 987 902 1051 τὰ
920 986 1040 1068 ἔμβρυα
1059 989 1109 1052 καὶ
1127 988 1168 1053 τὰ
1185 987 1255 1068 ἄρτι
1275 990 1310 1052 δὲ

134 1075 301 1153 γεγονότα.
335 1080 443 1155 quibus
462 1079 641 1157 comparatis
655 1081 686 1139 in
700 1081 732 1138 M
745 1075 796 1139 rui
810 1081 923 1140 inserto
939 1081 989 1140 sic'
1000 1082 1160 1158 legendnm
1175 1081 1310 1144 videtur:

133 1165 173 1228 τὰ
192 1164 312 1245 ἔμβρυα
331 1165 367 1228 δὲ
386 1165 447 1228 καὶ
465 1164 506 1229 τὰ
524 1164 734 1245 ἀρτιγέννητα
752 1165 803 1229 καὶ
822 1163 953 1243 ψάκαλα
973 1162 1050 1252 (scil.
1068 1163 1242 1252 καλοῦειν).
1279 1173 1311 1230 at

133 1258 220 1318 valde
239 1259 391 1334 discrepat
407 1258 564 1334 Aelianus,
588 1259 640 1334 qui
659 1259 731 1318 haec
749 1258 865 1318 scribit:
889 1253 928 1318 τὰ
951 1255 987 1318 δὲ
1011 1253 1057 1318 ἔτι
1081 1256 1118 1320 ἔν
1139 1261 1177 1340 τῇ
1201 1255 1311 1334 γαετρὶ

133 1341 254 1422 ἔμβρυα
271 1347 409 1407 καλοῦει.
437 1342 477 1406 τὰ
495 1344 531 1407 δὲ
550 1345 616 1408 τῶν
635 1342 774 1422 ὀρνίθων
792 1343 844 1408 καὶ
862 1343 902 1406 τὰ
915 1345 982 1408 τῶν
995 1341 1109 1423 ὄφεων
1123 1346 1174 1409 καὶ
1187 1345 1228 1409 τὰ
1243 1348 1310 1409 τῶν

134 1432 350 1510 κροκοδείλων
372 1430 452 1496 ἔνιοι
475 1431 597 1512 ἔμβρυα
619 1433 671 1496 καὶ
693 1431 859 1510 ψακάλουτ
879 1430 1024 1515 [ψάκαλα
1042 1432 1076 1516 l.]
1096 1436 1240 1513 καλοῦτι,
1264 1431 1311 1499 ὧν

136 1520 192 1584 εἰει
206 1521 257 1584 καλ
272 1521 436 1586 Θετταλοί.
464 1528 545 1584 recte
559 1525 596 1584 do
610 1525 665 1585 hoc
679 1527 744 1586 loco
758 1525 924 1602 disputavit
936 1525 1097 1587 Fresenins
1112 1523 1155 1604 (p.
1170 1529 1211 1586 26
1226 1546 1254 1586 ιι.
1266 1521 1311 1608 2),

131 1613 183 1690 qui
198 1613 318 1674 Aeliani
336 1616 434 1674 locum
448 1614 646 1690 probabiliter
658 1615 738 1674 hunc
751 1615 815 1675 iere
829 1615 862 1673 in
874 1613 996 1674 modurn
1010 1616 1170 1676 restituere
1185 1619 1310 1676 conatus

130 1706 189 1762 est:
214 1699 253 1762 τὰ
273 1700 308 1763 δὲ
327 1697 374 1762 ἔτι
393 1699 430 1763 ἐν
448 1705 486 1784 τῇ
505 1699 614 1778 γαετρλ
637 1697 757 1779 ἔμβρυα
782 1701 919 1764 καλοῦει.
956 1700 997 1763 τά
1020 1702 1056 1764 δὲ
1079 1704 1146 1764 τῶν
1170 1701 1310 1780 ὀρνίθων

132 1789 183 1851 καὶ
206 1788 246 1852 τὰ
268 1791 334 1851 τῶν
358 1786 470 1867 ὄφεων
492 1789 544 1851 καὶ
566 1787 606 1852 τὰ
629 1791 696 1852 τῶν
720 1787 935 1866 κροκοδείλων
959 1786 1156 1869 (ἔκγονατὰ
1179 1790 1216 1855 ἐν
1241 1795 1310 1855 roic

132 1875 210 1941 ὠοῖε
224 1876 271 1940 ἔτι
285 1875 365 1941 ὀντα
379 1875 553 1961 ωταύτωτ).
559 1873 599 1961 ⁶⁸)
628 1876 707 1942 ἔνιοι
722 1875 787 1962 (δὲ)
803 1875 923 1957 ἔμβρυά
936 1872 1021 1962 (τινα
1037 1898 1090 1942 ιιαι
1078 1876 1310 1965 ἀρτιγενῆβθ)

130 1965 183 2029 καὶ
202 1963 333 2043 ψάκαλα
352 1967 507 2045 λέγουειν,
528 1964 574 2031 ὧν
593 1966 649 2031 εἰει
669 1967 720 2030 καὶ
739 1965 905 2031 Θετταλοί.

221 2060 311 2135 Apud
336 2059 563 2136 lexicographos
581 2059 671 2119 huius
690 2060 785 2136 pertis
805 2060 911 2135 capitis
929 2058 1143 2135 Aristophenei
1166 2013 1310 2138 reliquiae

131 2167 298 2225 perpaucae
307 2147 509 2209 inveniuntur.
536 2148 573 2208 ad
583 2149 816 2224 Aristophanem
833 2147 1007 2208 referendae
1021 2149 1163 2209 videntur
1176 2149 1309 2226 Hesyohi

131 2238 250 2314 glossas
273 2238 450 2313 plerumque
472 2237 523 2297 vel
543 2236 701 2297 mutilatae
719 2239 769 2297 vel
787 2239 944 2313 corruptae
967 2231 1121 2312 άχαιῑναι,
1148 2235 1310 2317 επαθίνηε,

131 2323 301 2400 δαεόιιουε,
319 2322 458 2401 ταχίνηε,
478 2322 640 2404 τκαφώρη,
658 2321 803 2402 κίδαφοε,
822 2320 989 2402 κιδαφίων,
1008 2321 1171 2403 μολόβρια,
1191 2323 1310 2403 μονιότ,

132 2414 343 2490 ψακαλοῦχοι,
358 2410 538 2494 ψά[ι]καλα,
554 2409 730 2490 ὀρτάλιχοιι
750 2435 827 2492 quae
840 2415 960 2491 quidem
974 2415 1050 2474 nihil
1063 2415 1127 2475 fere
1141 2417 1179 2476 ad
1193 2417 1310 2478 Aristo·

131 2506 260 2580 phanem
281 2504 478 2580 supplendum
497 2505 547 2564 vel
565 2504 782 2565 emendandum
801 2505 967 2565 conferunt.
999 2505 1128 2566 maxime
1144 2525 1216 2567 vero
1231 2507 1287 2566 et
1279 2526 1311 2566 m

130 2594 186 2653 hao
210 2595 296 2670 parte
320 2594 358 2653 ab
382 2593 583 2670 Aristophane
605 2594 717 2669 pendet
704 2594 846 2652 tPollux
866 2593 893 2650 V
914 2585 1015 2674 1:5⁰⁰)
1043 2593 1185 2654 καλεῖται
1209 2579 1245 2655 δὲ
1269 2591 1310 2655 τά

133 2679 191 2757 μὲν
209 2681 276 2742 τῶν
295 2677 440 2742 λεόντων
457 2676 576 2756 ἔκγονα
595 2678 731 2757 (κάμνοι,
750 2678 790 2742 τὰ
809 2679 844 2742 δὲ
863 2680 929 2742 τῶν
948 2676 1074 2758 ἄρκτων
1093 2675 1251 2762 ἀρκτύλοι,
1270 2679 1310 2744 τά

132 2767 168 2831 δὲ
187 2769 254 2831 των
271 2757 408 2846 ἐλάφων
424 2767 544 2847 νεβροί,
568 2767 608 2832 τὰ
626 2768 662 2830 δὲ
681 2769 759 2831 τῶν
766 2765 944 2832 ἀλωπέκων
963 2766 1185 2848 ἀλωπεκιδεῑτ,
1208 2769 1249 2833 τὰ
1274 2770 1309 2832 δὲ

132 2876 199 2921 των
218 2855 324 2921 λύκων
339 2858 476 2921 λυκιδεῖτ
490 2857 542 2920 καὶ
555 2856 595 2920 τὰ
608 2877 674 2921 των
689 2859 828 2933 λαγωων
842 2857 983 2932 λαγιδεῐτ
1003 2857 1055 2921 καὶ
1069 2820 1203 2936 λαγίδιά,
1223 2857 1311 2937 παρὰ

132 2945 325 3025 Ξενοφωντι
341 2943 468 3030 (Cynog.
483 2949 531 3009 111
548 2945 720 3030 ιο)οὲκαὶ
739 2943 842 3021 λάγια.
869 2941 928 3024 ἐφ’
942 2941 988 3010 ὧν
1003 2943 1032 3008 δ
1046 2945 1105 3009 οὐκ
1123 2944 1207 3011 ἔττιν
1225 2945 1309 3011 ἴδιον

75 3094 77 3098 .
134 3032 246 3113 ὄνομα,
265 3033 305 3098 τὰ
322 3035 449 3099 τούτων
462 3035 558 3099 τέκνα
576 3036 719 3099 καλεῖται
738 3032 887 3098 εκυλάκια
905 3035 925 3113 ἢ
945 3033 1083 3113 τκυμνία.
1115 3035 1155 3098 τά
1174 3036 1209 3099 δὲ
1228 3034 1309 3100 πάν-

133 3143 199 3188 των
221 3126 287 3188 τῶν
312 3121 547 3202 ἀγρίων-τέκνα
565 3122 718 3203 ὀβρίκαλα
742 3121 773 3187 οἱ
791 3123 920 3203 ποιηταὶ
943 3125 1072 3188 καλοῦει
1090 3125 1141 3188 καὶ
1161 3122 1309 3208 ὄβριαῦῑ)

132 3235 210 3294 quae
234 3217 259 3276 ai
283 3235 351 3276 oum
367 3216 512 3277 Aelianeo
536 3220 673 3294 excerpto
697 3216 930 3292 comparaveris,
954 3217 1026 3292 quin
1049 3216 1087 3276 ab
1106 3216 1309 3295 Aristophane

135 3305 280 3382 Byzantio
301 3306 447 3382 originem
466 3306 605 3366 duxerint
622 3324 683 3365 non
700 3306 863 3366 dubitabis.

397 3469 428 3526 3.·
452 3461 548 3541 Περὶ
572 3426 807 3540 τυγγενικῶν
833 3433 1047 3541 ὀνομάτων.

223 3590 328 3668 Capito
342 3587 415 3667 περὶ
429 3589 623 3665 ευγγενικῶν
638 3585 808 3667 ὀνομάτων
822 3591 1041 3670 Aristophanes
1050 3593 1214 3670 Byzantius
1224 3612 1310 3670 pree·

133 3681 219 3758 cipue
238 3681 424 3758 cognationis
442 3685 474 3741 et
492 3680 648 3741 affinitatis
662 3681 809 3740 vocabula
826 3683 977 3744 tractavit.
1012 3683 1050 3743 de
1069 3683 1185 3743 ambitu
1199 3687 1231 3742 et
1248 3683 1307 3741 fine

133 3770 240 3844 capitis
259 3790 338 3830 nnnc
356 3771 456 3831 codice
474 3771 505 3829 M
523 3771 645 3831 invento
662 3770 739 3830 nihil
757 3774 882 3832 constat.
920 3789 1049 3848 namque
1067 3773 1099 3830 in
1116 3772 1148 3830 M
1167 3772 1225 3831 duo
1245 3776 1310 3834 tan-

134 3904 181 3971 ὀν,
200 3921 278 3972 φητι,
299 3906 489 3972 Νεοπτόλεμοέ
503 3909 559 3960 κτλ.
574 3924 643 3961 num
656 3923 691 3961 ex
704 3905 890 3978 Aristophane
906 3905 963 3961 sint
976 3904 1087 3962 dubito·
1105 3909 1233 3976 praestat
1246 3925 1309 3964 cnm

134 3973 263 4030 Nauokio
282 3977 330 4045 (p,
339 3982 389 4030 119
408 3995 435 4031 ιι.
455 3979 542 4046 70)φ
543 3977 602 4032 αείν
621 3976 755 4047 scribere,
778 3982 811 4033 nt
828 3977 906 4032 Euat.
925 3977 976 4033 illa
994 3994 1029 4032 ex
1047 3925 1162 4034 scholiis
1181 3979 1236 4049 dep
1237 3997 1309 4034 rom-

133 4045 232 4158 pectit.
251 4045 415 4172 cAfdsolrglF
399 4053 539 4114 2-1a
506 4048 595 4134 -⁵J)
615 4049 844 4174 Καλῃόρταλῐχουέε
861 4049 940 4175 Εὲιὲοδ.
959 4048 1114 4174 trinepte
1072 4049 1107 4102 de
1127 4066 1177 4104 sno
1196 4050 1307 4106 adiecit.

132 4119 247 4245 νεοττότ
265 4118 656 4259 ἱάόάάῙαολῘέγέιθόάυέμΞάάιθονῃ
679 4136 697 4173 a
676 4137 911 4260 -ωξωβοόάίαο
935 4122 1192 4246 όάιιινάἔτέἔυὲαοέ
1192 4138 1309 4264 11}un

134 4260 322 4317 scribendum:
348 4260 415 4314 ἔνιοι
434 4262 465 4314 δὲ
482 4262 518 4314 τά
536 4265 641 4330 ἔμβρυα
658 4265 704 4317 καλ
721 4264 758 4317 τά
776 4264 960 4331 ἀρτιγέννητα
978 4264 1024 4316 καὶ
1041 4263 1154 4329 ψάκαλα
1176 4265 1309 4330 λέγουειν.

134 4331 223 4401 -⁰⁶)
241 4333 267 4387 V
278 4338 312 4390 76
326 4330 471 4386 Pollucem
485 4333 627 4388 &versari
641 4333 825 4404 Aristophani
837 4351 926 4418 snpra
940 4333 998 4388 dixi
1012 4351 1039 4404 p
1050 4341 1161 4392 310,-
1182 4335 1217 4404 61)
1237 4335 1307 4389 Dedi

132 4402 435 4544 οόἷζιέίριδέιτέοΰωῳὲἱῖἀίοἰο
451 4403 510 4458 Pal.
530 4403 564 4458 0.
590 4404 734 4459 Beklrere
759 4405 859 4462 ceteris
882 4405 962 4461 codd.
985 4405 1057 4460 falso
1081 4407 1227 4473 tilpino..
1221 4410 1305 4517 ..aul
