3102 5158
227 250 292 316 298
664 308 681 340 0
696 254 822 326 Leopold
840 255 945 312 Cohnr·

226 420 411 498 argumentis
433 421 555 498 probari
577 442 636 484 non
659 442 734 500 opus
758 427 812 486 est.
853 426 950 485 altera
967 427 1049 486 serto
1072 424 1243 487 testimonio
1267 425 1398 502 Didymo

226 511 382 570 tribuitur:
406 513 496 572 sohol.
514 511 613 588 Apoll.
632 513 688 573 Rh.
707 513 751 571 IV
771 516 833 574 973
854 508 1068 589 ὀρειχάλκοιο·
1088 511 1185 589 φαιὶν
1204 508 1398 590 ὀρείχαλκον

227 592 312 658 είδοε
330 598 461 674 χαλκοῦ,
480 594 545 660 ἀπὸ
560 595 686 676 Ὀρείου
704 598 791 662 τινὸε
810 601 988 677 γενομένου
1007 598 1141 680 εὑρετοῦ
1161 598 1399 679 ὠνομαεμένον.

226 682 441 764 Ἀριετοτέληε
464 686 500 748 δὲ
523 686 559 751 ἐν
578 687 730 752 Τελεταῑε
752 707 828 767 φηει
848 689 925 766 μηδὲ
951 686 1107 767 ὑπάρχειν
1130 689 1168 752 τὸ
1192 686 1296 767 ὄνομα
1320 689 1399 767 μηδὲ

225 773 263 837 τὸ
277 774 394 838 τοῦτου
410 771 503 838 sibor.
530 775 589 838 τὸν
603 775 664 855 γάρ
678 775 869 856 ὀρείχαλκον
884 776 962 842 ἔνιοι
977 776 1238 857 ὑπολαμβάνουιι
1253 779 1399 854 λέγεεθαι

226 863 292 940 μέν,
313 864 352 942 μή
372 860 453 928 εἴναι
472 864 515 928 δέ.
548 867 624 928 τῶν
645 865 684 928 δὲ
705 865 784 945 εἰκῆ
805 867 1095 946 διαδεδομένων
1119 867 1180 930 καὶ
1202 870 1331 930 τοῦτο.
1368 866 1399 930 οἱ

225 951 287 1029 γάρ
305 953 662 1032 πολυπραγμονέετεροί
685 974 782 1033 φαειν
807 955 906 1020 αὐτὸν
929 953 1096 1034 ὑπάρχειν.
1133 956 1322 1034 μνημονεύει
1347 955 1399 1019 καὶ

225 1039 414 1119 (τηείχοροε
432 1037 503 1124 (frg.
519 1040 576 1127 88)
595 1043 646 1107 καλ
666 1043 861 1124 Βακχυλίδης
876 1041 948 1129 (frg.
964 1041 1029 1129 68),
1043 1045 1103 1108 καὶ
1117 1041 1399 1124 Ἀριττοφάνητ

226 1130 266 1192 δὲ
286 1128 304 1192 ὁ
323 1131 584 1208 γραμματικά(
603 1133 849 1212 τεεημείυιται
868 1137 993 1197 τοῦτο.
1028 1131 1134 1212 [ἄλλοι
1158 1133 1193 1196 δὲ
1208 1131 1397 1211 ἀνδριαντο-

225 1222 322 1282 ποιοῦ
345 1219 492 1296 λέγουειν
511 1217 622 1300 ὄνομα,
646 1219 691 1285 ὼε
710 1220 877 1300 (ωκράτηε
903 1221 935 1302 [ὁ
956 1220 1077 1301 Κράτης
1095 1226 1170 1286 ooni.
1190 1227 1229 1284 M.
1249 1221 1398 1304 Schmidt]

225 1308 276 1372 καί
295 1306 488 1388 Θεόπομπος
506 1309 542 1374 έν
566 1310 697 1394 εἰκοετῷ
715 1310 874 1394 πέμπτῳ)
911 1311 1033 1375 οὕτω(
1057 1311 1102 1390 ἦν
1125 1311 1168 1375 ἐν
1190 1317 1233 1395 τῇ
1258 1317 1399 1394 κωμικῇ

225 1397 325 1463 λέξει
344 1403 387 1481 τῇ
407 1397 608 1482 ιυμμίκτῳ.
651 1403 799 1481 Didymus
822 1407 920 1464 totum
943 1406 1042 1465 ionum
1065 1423 1101 1463 ex
1124 1404 1326 1480 Aristophane
1351 1404 1401 1464 de·

225 1490 354 1570 scripsit,
367 1491 460 1550 verba
477 1493 596 1552 tantum
615 1485 708 1553 ἄλλοι
728 1490 763 1554 δέ
788 1525 824 1535 -
846 1490 981 1573 πέμπτῳ
1000 1495 1036 1553 de
1056 1511 1109 1552 suo
1128 1493 1243 1553 adieoit
1281 1492 1397 1552 Aristo-

224 1579 337 1656 phanes
356 1579 519 1656 Byzantius
538 1580 734 1642 Aristotelem
741 1574 796 1662 38),
821 1583 873 1658 qni
892 1582 1071 1643 vocabulum
1089 1585 1207 1642 exstare
1225 1584 1399 1658 negaverat,

225 1668 387 1729 Stesichori
402 1673 433 1728 et
443 1669 634 1747 Bacchylidis
648 1672 829 1731 testimoniis
844 1672 969 1748 prolatis
983 1671 1136 1730 refutavit
1164 1690 1240 1747 quae
1254 1671 1399 1730 refutatio

225 1757 289 1817 sine
303 1757 393 1819 dubio
409 1759 598 1834 aptissimum
618 1761 715 1820 laeum
729 1760 836 1820 habuit
853 1761 885 1819 in
899 1761 997 1836 eapite
1011 1756 1164 1835 περὶτῶν
1178 1754 1399 1833 ὑποπτευομέ-

224 1862 291 1908 νων
315 1844 355 1922 μὴ
380 1841 518 1923 εἰρῆεθαι
548 1848 616 1922 τοῖς
643 1841 848 1929 παλαιοίοθί)
876 1882 913 1891 -
943 1851 1001 1910 duo
1029 1850 1102 1908 haee
1126 1851 1261 1924 exempla
1290 1849 1397 1908 melius

226 1936 434 1996 demonstrant
452 1955 513 2012 qua
526 1936 685 2014 diligentia
704 1957 821 2015 quaque
835 1939 970 1998 doctrina
987 1955 1052 1998 rem
1066 1956 1151 1997 suam
1171 1938 1268 2014 egerit
1282 1937 1400 1997 Aristo-

224 2025 345 2101 phanes,
361 2028 395 2085 111
408 2025 496 2084 faeile
510 2026 713 2103 intellegatur,
730 2045 820 2104 quam
833 2027 941 2088 bonam
950 2029 1086 2088 veterum
1096 2027 1265 2086 studiorum
1278 2027 1398 2103 frugem

225 2113 416 2193 haberemus,
435 2115 461 2173 si
475 2115 687 2191 Aristophanis
706 2116 942 2193 disputationem
960 2117 992 2176 in
1005 2116 1144 2176 manibus
1162 2119 1333 2175 teneremus
1352 2118 1401 2173 la-

225 2203 299 2279 lem,
319 2204 417 2280 qualis
436 2221 452 2262 e
471 2205 660 2278 grammatici
679 2205 816 2264 manibus
835 2207 954 2281 prodiit.

529 2349 556 2407 2.
585 2343 680 2423 Περὶ
700 2341 907 2422 ὀνομαείαε
925 2343 1090 2422 ἡλικιῶν.

313 2469 492 2530 Eustathius
524 2472 655 2548 quinque
687 2473 760 2533 loeis
788 2472 1021 2549 Aristophanem
1050 2472 1156 2531 laudat
1188 2466 1224 2530 ἐν
1252 2470 1298 2550 τῷ
1326 2464 1398 2545 περὶ

226 2553 397 2633 ὀνοματίαε
420 2555 563 2634 ἡλικιῶν;
592 2581 621 2637 p.
646 2564 723 2638 772,
743 2563 793 2622 58.
824 2564 923 2640 1625,
943 2564 993 2622 32.
1024 2563 1123 2634 1720,
1143 2562 1194 2620 23.
1225 2561 1415 2638 1782,11.ι

228 2650 322 2722 1817,
343 2649 397 2723 18,
416 2649 546 2725 quinque
568 2650 642 2710 loeis
661 2651 770 2711 omisso
789 2651 896 2727 eapitis
914 2651 1016 2711 titulo:
1041 2671 1070 2726 p.
1090 2651 1168 2726 877,
1187 2651 1239 2708 49.
1270 2650 1347 2725 982,
1366 2649 1396 2706 8.

227 2737 325 2809 1404,
347 2738 398 2796 59.
433 2739 530 2814 1784,
551 2740 601 2798 22.
636 2741 734 2815 1828,
755 2742 810 2816 56,
838 2741 946 2800 ueteris
974 2740 1064 2800 tacite
1091 2737 1321 2815 grammaticum
1351 2755 1397 2794 ex-

226 2824 357 2901 scripsit:
375 2845 404 2901 p.
425 2827 499 2900 aas,
520 2829 569 2887 14.
599 2830 671 2904 711,
691 2829 742 2888 ss.
774 2828 912 2901 11114.
939 2830 1011 2905 sss,
1030 2830 1082 2888 ru.
1108 2828 1274 2904 119256.
1300 2827 1394 2898 1111,

225 2916 277 2974 53.
305 2915 400 2987 1821,
420 2917 471 2975 34.
501 2917 667 2990 187213.
700 2917 843 2978 tractauit
862 2917 1080 2995 Aristophanes
1104 2915 1318 2993 grammaticus
1342 2915 1396 2972 hoe

226 3003 323 3079 capite
346 3002 445 3063 varias
468 3007 603 3065 aetatum
631 3008 662 3065 et
689 3006 844 3067 hominum
866 3011 897 3067 et
919 3007 1094 3066 animalium
1117 3001 1332 3081 appellationes
1362 3021 1396 3060 eo

226 3093 329 3152 ordine
344 3092 513 3169 dispositas,
531 3096 566 3153 ut
584 3090 704 3154 initium
723 3094 875 3156 offieerent
892 3092 1007 3170 ἡλικίαι
1026 3095 1181 3155 hominum
1196 3112 1283 3154 sexus
1301 3089 1395 3152 virilis

227 3182 259 3241 et
276 3181 440 3256 muliebris,
459 3185 656 3258 sequerentur
674 3179 789 3259 ἡλικίαι
804 3185 977 3269 animalium
992 3187 1225 3257 mansuetorum,
1243 3186 1308 3242 tum
1320 3181 1397 3248 fero·

228 3290 305 3350 rum,
323 3271 452 3348 denique
471 3271 580 3332 arium.

262 3362 271 3372 ‘
313 3359 485 3437 Disputatio
508 3359 545 3420 de
567 3363 702 3422 aetatum
726 3381 832 3422 sexus
856 3362 979 3423 virilis
1007 3361 1259 3440 appellationibus
1283 3359 1396 3426 eisdem

225 3449 289 3509 fere
307 3449 406 3510 verbis
425 3449 556 3509 traditur
575 3451 608 3510 in
626 3451 658 3510 M
676 3455 707 3511 et
724 3452 803 3528 apud
822 3451 907 3512 linet.
926 3472 955 3529 p.
976 3455 1049 3531 727,
1071 3454 1110 3512 14
1130 3442 1246 3530 (partes
1265 3448 1397 3524 disputa-

224 3538 315 3598 tionis
333 3539 457 3615 repetiit
474 3538 560 3599 Euat.
578 3560 607 3616 p.
628 3541 701 3618 763,
722 3543 773 3603 20.
797 3543 869 3616 962,
885 3543 915 3600 8.
941 3543 1036 3616 1592,
1051 3543 1103 3602 56.
1128 3541 1224 3614 1720,
1244 3531 1311 3619 23).
1344 3536 1397 3596 sed

226 3627 332 3688 eadem
348 3646 403 3704 per
421 3629 552 3688 alterum
569 3629 700 3690 mvulum
718 3629 757 3690 ad
774 3648 828 3690 nos
847 3630 995 3705 pervenit,
1012 3649 1065 3706 per
1079 3629 1201 3705 Didymi
1215 3621 1397 3701 Ιευμμίκτιυν

226 3798 357 3854 Cantabr.
376 3799 430 3854 lex.
448 3799 519 3854 rhet.
534 3798 626 3863 Bekis.
646 3804 709 3870 275,
726 3805 769 3855 22.
786 3799 820 3854 af.
840 3799 926 3856 schol.
944 3799 992 3854 Ar.
1007 3799 1090 3868 Vesp.
1106 3803 1166 3853 895.
1182 3828 1214 3838 -
1238 3796 1272 3866 ³⁸)
1291 3795 1398 3879 Aristo-

225 3869 312 3925 telem
333 3887 384 3940 pro
407 3870 544 3925 Aristoole
567 3869 744 3927 librariorum
767 3887 859 3927 errore
883 3871 993 3926 laudari
1016 3867 1397 3935 oensetVsl.Rose‚Ar1st.

225 3940 321 4011 pseud.
331 3959 359 4010 p.
371 3947 431 4012 819,
446 3941 494 4010 qni
502 3958 559 3996 non
567 3940 641 3996 vidit
650 3943 744 3998 omnia
754 3959 788 3998 ex
797 3943 986 4012 Aristophane
995 3941 1098 3996 habere
1112 3939 1277 4010 Didymnm3
1292 3939 1398 3994 Aristo·
1419 3959 1421 3962 ·

226 4013 299 4067 olem
316 4012 520 4082 Aristophanes
538 4012 653 4068 laudare
671 4029 727 4069 non
745 4012 845 4084 potuit.
874 4014 909 4072 of.
928 4012 1021 4081 Heitz‚
1040 4011 1147 4066 Verlor.
1168 4012 1246 4069 Sohr.
1265 4010 1292 4066 d.
1311 4008 1396 4064 Arist.

226 4100 254 4153 p.
264 4088 325 4138 295.
345 4084 379 4123 -2
399 4083 434 4154 ⁸⁴)
448 4081 603 4153 Hesychius
617 4087 723 4153 quantu
737 4101 822 4154 opere
836 4086 872 4141 ab
882 4084 1069 4154 Aristophane
1083 4083 1207 4152 pendeat
1219 4083 1273 4137 hoo
1286 4095 1398 4150 quoque

225 4157 289 4210 loeo
307 4154 421 4226 egregie
440 4153 576 4211 ostendite
599 4156 780 4224 ὀρειχάλκιυν·
804 4161 864 4210 τῶν
882 4157 940 4222 εἰκῆ
961 4156 1227 4223 διαδεδο[νη]μένων
1245 4153 1316 4206 εἶναι
1334 4153 1398 4233 rot

225 4244 308 4293 νομα.
341 4226 368 4280 οἱ
386 4228 417 4280 δὲ
434 4227 547 4282 πλείου(
565 4228 698 4295 ὑπάρχειν
718 4229 813 4283 αὐτόν.
846 4229 901 4282 ἔετι
916 4228 946 4280 δὲ
965 4227 1033 4295 [καί]
1051 4227 1104 4293 ῦλη
1123 4225 1205 4292 ὁμοία
1223 4226 1325 4291 χαλκῷ,
1343 4239 1399 4275 mar

226 4298 303 4366 quod
320 4300 420 4353 auctor
437 4297 561 4368 Hesyehi
580 4298 775 4369 Aristophanis
793 4297 922 4368 Byzantii
945 4298 1032 4352 verba
1053 4303 1112 4352 τῶν
1138 4299 1169 4350 δὲ
1191 4295 1249 4360 εἰκῆ
1274 4294 1398 4346 διαδεδο-

227 4369 319 4436 μένων
338 4372 383 4424 καί
405 4375 493 4425 τοῦτο
512 4370 584 4425 falso
608 4370 807 4440 interpretatus
830 4371 885 4438 est,
910 4386 973 4424 cum
996 4368 1032 4424 ad
1055 4369 1177 4437 glossam
1200 4363 1248 4417 ille
1271 4361 1397 4432 referret,

228 4439 303 4511 quod
322 4441 358 4496 de
377 4441 537 4497 Aristotelis
557 4441 697 4496 sententia
714 4439 826 4495 dixerat
843 4440 1054 4511 Aristophanes.
