3102 5158
168 284 209 338 De
225 281 413 351 Aristophane
427 280 563 348 Byzantio
578 282 607 335 et
621 279 755 336 Suetonio
765 280 930 351 Tranquillo
940 282 1070 337 Eustathi
1084 282 1253 338 auctoribus.
1273 281 1336 346 301

167 451 305 528 equidem
324 451 369 512 sio
384 449 569 510 restituenda
586 452 673 525 puto:
698 444 716 508 ὁ
736 446 771 510 δὲ
792 443 1021 525 Ἀριςτοφάνης
1041 445 1144 511 εἶπεν·
1163 443 1338 533 (ἀντίπαις)

168 535 187 600 ὁ
215 534 375 709 πρόςηβοῖ
391 534 451 598 καὶ
480 532 656 614 ἀνδρόπαις
683 533 734 598 καὶ
763 533 872 617 [ὑπὲρ]
900 537 960 615 τὴν
987 539 1046 599 τοθ
1074 537 1188 600 παιδὸς
1215 537 1339 616 ἡλικίαν

168 622 385 709 (ἐκβεβηκῶς.
671 637 673 642 ’

255 717 464 793 Aristophanis
478 716 712 793 disputationem
725 717 762 776 de
780 718 971 777 mulierum
990 715 1150 792 ἡλικιῶν
1167 719 1337 779 nominibus

166 827 259 866 sunium
282 810 453 882 excerptum
477 807 508 865 M
532 807 673 867 servavit.
716 809 807 882 atque
836 808 874 870 ad
896 807 974 867 haue
996 807 1209 882 Aristophanei
1232 809 1338 884 eapitis
1371 837 1374 843 ·

139 972 143 982 Ι
165 899 282 973 partem
300 890 521 956 restituendam
544 897 575 955 et
593 895 809 956 emendandam
831 899 954 972 propter
976 896 1103 955 fontium
1121 896 1252 973 inopiam
1270 899 1338 973 plus

165 987 272 1045 Pollux
291 985 407 1044 oonfest
421 1003 511 1061 quam
530 985 568 1044 ad
586 985 723 1060 primam,
741 987 784 1063 ut,
804 985 830 1044 si
848 985 947 1045 aliena
961 985 1166 1046 additamenta
1185 987 1338 1064 anemoria,

169 1077 342 1150 excerptum
360 1073 392 1132 M
417 1075 448 1134 et
465 1073 573 1134 Pollux
592 1073 655 1134 lere
673 1073 800 1136 invicem
819 1093 884 1134 sese
903 1074 1071 1151 suppleant.

327 1199 386 1240 exo.
414 1181 459 1238 M:
497 1174 564 1240 Ἐπὶ
594 1178 629 1240 δὲ
650 1179 724 1254 ,τῶν
822 1181 927 1242 Pollux
941 1181 973 1240 II
989 1185 1039 1241 17.
1056 1184 1109 1240 18:
1129 1175 1195 1242 Ἐπὶ
1215 1178 1250 1241 δὲ
1270 1181 1337 1242 τῶν

135 1333 138 1338 Δ
257 1268 393 1344 θηλειῶν
407 1265 444 1328 τὸ
460 1265 517 1344 μὲν
534 1266 654 1345 βρέφος
673 1266 724 1330 καὶ
777 1268 915 1345 θηλειῶν
942 1266 982 1330 τὰ
1010 1267 1068 1344 μὲν
1095 1269 1208 1344 πρῶτα
1236 1266 1337 1330 ταύτὰ

254 1355 293 1418 τὸ
324 1353 453 1418 παιδίον
481 1352 612 1434 ὁμοίως
645 1355 723 1432 μετὰ
777 1356 868 1433 μέχρι
894 1359 953 1419 τοῦ
981 1353 1151 1433 παιδαρίου
1183 1355 1247 1436 (καὶ
1275 1357 1336 1434 γὰρ

254 1444 290 1507 δὲ
315 1447 416 1507 ταῦτα
435 1442 653 1522 παιδιςκὰριον
672 1444 723 1507 καί
777 1448 873 1508 τοῦτο
888 1444 998 1508 κοινόν
1013 1443 1137 1522 ἀμφοῖν
1149 1446 1286 1523 θηλειῶν
1299 1466 1334 1510 τε

253 1532 444 1610 παιδίςκιον,
469 1533 520 1596 καὶ
544 1531 653 1610 κόριον
672 1533 723 1597 καί
776 1533 828 1596 καὶ
846 1530 1015 1618 ἀρρένων),
1033 1533 1074 1596 τὰ
1089 1531 1118 1596 δ’
1132 1533 1248 1613 ἐφεξῆς
1263 1554 1336 1598 παι-

253 1617 457 1704 modoad),
473 1622 524 1685 καί
535 1621 658 1700 κορίςκη
671 1623 723 1685 καί
777 1621 871 1701 δίςκη,
879 1621 989 1701 κόριον
998 1618 1238 1700 παρἘύπόλιδι,
1247 1621 1336 1702 κόρη,

253 1709 458 1789 παρθενίςκη·
478 1711 557 1790 μετὰ
572 1711 607 1774 δὲ
621 1714 722 1775 ταῦτα
777 1710 947 1788 κορίςκιον·
960 1711 999 1775 τὸ
1012 1711 1074 1790 γὰρ
1086 1709 1236 1790 κοράςιον
1250 1710 1332 1791 εἴρη-

252 1805 327 1864 παῖς
338 1799 388 1863 καί
398 1801 558 1879 παρθένος
568 1799 619 1863 καί
629 1798 720 1878 κόρη·
776 1821 827 1864 ται
851 1801 922 1879 μέν,
951 1799 1034 1864 ἀλλὰ
1059 1799 1199 1878 εάτελές,
1229 1799 1335 1880 ὥςπερ

252 1887 321 1953 εἶτα
343 1889 403 1968 ἤδη
427 1887 525 1952 πάλιν
548 1889 599 1952 καὶ
622 1889 721 1972 ταύτῃ
776 1889 828 1953 καὶ
842 1888 881 1952 τὸ
894 1888 1037 1968 καρίδιον
1111 1889 1162 1952 καί
1177 1889 1335 1968 Φρύνιχος

131 2034 144 2058 ,
253 1977 344 2043 δτοῦ
359 1982 523 2056 γαμεῑςθαι
538 1977 655 2056 καιρός,
673 1977 721 2057 εἴη
776 1978 834 2056 μὲν
849 1976 1014 2056 δκωμικὸς
1024 1978 1166 2043 τάςνέας
1177 1977 1335 2058 ἀφήλικος

252 2067 313 2147 γὰρ
338 2066 378 2132 ἀν
396 2067 435 2130 τὸ
460 2065 624 2145 πέμπτον
642 2065 722 2146 ἀμφ’
776 2067 876 2143 λέγει·
913 2065 1009 2146 ‘dcun
1042 2067 1077 2130 δὲ
1106 2068 1157 2130 καὶ
1185 2071 1334 2144 γυναῖκες

251 2153 350 2236 τίθης’,
370 2154 600 2233 ῶςἩρόδοτος
616 2154 721 2238 [immo
776 2153 945 2236 ἀφήλικες’
965 2153 1069 2238 (Mein.
1089 2158 1169 2220 Gom.
1195 2154 1335 2240 11604).

250 2243 408 2309 Ἡςίοδοςῑ
442 2247 497 2325 Op.
522 2243 600 2326 698]
630 2242 720 2323 ἀξιοῖ,
776 2244 977 2324 Φερεκράτης
1001 2245 1036 2308 δὲ
1060 2246 1119 2324 τὴν
1143 2245 1334 2324 γεραιτάτην

235 2331 306 2413 ,ὅτε
331 2335 369 2412 δὴ
389 2333 440 2397 καὶ
459 2333 567 2413 νύμφη
587 2332 627 2397 ἀν
646 2336 720 2414 κλη-
775 2331 820 2398 ῶς
839 2332 1105 2413 ἀφηλικεςτάτην,
1124 2333 1169 2397 ῶς
1188 2335 1239 2397 καί
1258 2335 1334 2413 Κρο-

251 2422 333 2501 θείη·
361 2422 440 2500 μετὰ
467 2423 502 2487 δὲ
531 2423 589 2486 τὸν
616 2421 721 2502 γάμον
774 2427 863 2488 τίνος
892 2421 1032 2502 ἀφήλικα
1060 2423 1207 2501 γέροντα.
1250 2423 1334 2501 ἐρεῖς
1427 2419 1430 2426 ’

252 2513 332 2590 γονὴ
356 2511 407 2575 καί
435 2513 542 2591 μήτηρ.
580 2513 640 2592 ἤδη
665 2532 719 2576 κα·
775 2512 810 2575 δὲ
839 2512 1000 2590 παρθένος
1027 2510 1131 2590 ῶραίο
1166 2509 1271 2590 γάμου
1301 2560 1334 2576 ..

251 2597 336 2664 λοῑτ’
365 2599 405 2664 ἂν
431 2601 483 2664 καὶ
512 2604 636 2679 μεῖραξ·
669 2601 720 2664 καὶ
775 2605 894 2681 μεῖραξ,
919 2600 1096 2679 μειρακίςκη
1116 2649 1143 2664 ..
1161 2649 1168 2663 .
1183 2602 1263 2680 γονή
1279 2651 1286 2664 .
1303 2651 1333 2664 ..

162 2725 165 2730 -
252 2688 330 2768 μετὰ
347 2693 448 2752 ταῦτα
466 2691 545 2768 γυνὴ
566 2690 632 2768 νέα,
651 2687 720 2754 εἶτα
774 2693 882 2768 γραῦς,
901 2688 1011 2753 καλῶς
1027 2687 1135 2754 Ἰςαῑος
1154 2690 1332 2769 γεραιτέρα,

251 2779 340 2857 μέςη,
374 2776 444 2842 εἷτα
471 2776 568 2842 πάλιν
600 2777 719 2856 ὁμοίως
774 2783 879 2864 γραῖα,
899 2777 1009 2862 καλῶς
1024 2776 1219 2856 Θεόπομπος
1236 2778 1255 2841 ὁ
1274 2799 1333 2842 και-

251 2871 479 2947 προβεβηκυῑα,
530 2865 718 2946 προπόλιος,
774 2867 861 2946 μικὸς
884 2870 1065 2947 πρεςβῦτις,
1089 2866 1250 2945 φίλοινος,
1279 2888 1332 2946 με·

252 2955 320 3020 εἶτα
343 2960 455 3034 γραῦς,
479 2956 531 3019 καὶ
553 2961 719 3036 πρεςβῦτις
775 2957 859 3034 θόςη,
879 2955 1062 3034 οἰνοκάχλη,
1081 2955 1209 3035 κοχῶνη
1230 2954 1333 3042 (Mein.

251 3045 270 3123 ἡ
290 3043 378 3124 αὐτή,
401 3043 470 3108 εἶτα
487 3044 719 3124 ἐςχοτόγηρωτ.
774 3048 855 3109 Gom.
874 3049 906 3107 II
925 3043 1020 3129 822),
1051 3045 1091 3108 τὰ
1114 3046 1149 3108 δὲ
1169 3045 1267 3109 λοιπὰ
1292 3045 1332 3109 τὰ

774 3131 1331 3213 αὐτὰτοῖςἀρρεςινοίονέςχατόγη-

774 3243 847 3302 plac,
867 3223 1054 3302 βαθύγηριιις
1071 3222 1174 3287 καὶτὰ
1190 3227 1331 3288 τοιαῦτα.

163 3328 343 3407 παιδάριον
356 3335 386 3392 Μ
410 3335 535 3395 omittit:
563 3336 629 3394 iure
657 3335 765 3394 Pollux
787 3334 997 3393 Atticistarum
1024 3337 1185 3410 praecepta
1212 3339 1332 3394 secutus

162 3426 303 3485 observat
320 3424 487 3500 promiscue
506 3423 656 3498 usurpari,
680 3424 717 3484 of.
735 3425 787 3483 Ar.
806 3423 895 3498 Vesp.
916 3424 979 3482 568
1001 3417 1056 3481 ’τὰ
1074 3416 1218 3496 παιδάρι’
1237 3418 1331 3483 εὐθὺς

160 3507 286 3574 ἀνέλκει
316 3512 320 3588 Ι
349 3507 405 3572 τὰς
430 3507 557 3587 θηλείαε
584 3509 636 3572 καί
663 3509 738 3571 τοὺς
767 3505 869 3572 υἱεῖς’.
910 3511 990 3570 idem
1015 3514 1166 3571 testantur
1191 3511 1330 3572 Clemens

161 3604 245 3663 Alex.
269 3601 359 3662 Paed.
382 3603 409 3680 I,
434 3604 467 3677 4,
495 3605 534 3660 11
559 3594 662 3679 (Mein.
682 3599 765 3662 Com.
782 3600 825 3658 IV
846 3593 923 3680 198)
949 3600 1035 3662 Phot.
1057 3602 1114 3662 lex.
1141 3600 1218 3660 rhet.
1236 3601 1331 3662 Bekis.

162 3693 240 3770 298,
261 3693 302 3751 10
329 3691 439 3751 Moeris
460 3693 534 3765 207,
554 3693 594 3750 32
621 3689 701 3748 Suid.
721 3722 764 3730 -
782 3689 962 3749 vocabulum
981 3684 1156 3749 παιδίςκιον
1175 3682 1233 3771 (Μ)
1259 3691 1331 3749 alibi
1402 3763 1407 3772 Ι

161 3771 308 3855 nusquam
336 3771 500 3857 invenitur3
534 3779 636 3855 itaque
664 3779 769 3838 Nauck
802 3769 968 3860 (Melanges
998 3777 1256 3839 Greeo-Romains
1283 3777 1330 3838 III

160 3889 189 3944 p.
211 3861 288 3947 175)
312 3887 328 3928 e
351 3869 472 3929 Polluoe
495 3864 639 3943 παιδίςκη
663 3869 823 3946 legendum
846 3868 971 3928 censuit.
1012 3867 1148 3943 equidem
1172 3867 1271 3929 neseio
1291 3886 1329 3951 an
1435 3863 1439 3871 '

160 3960 320 4032 utrumque
334 3958 495 4018 tenendum
515 3960 563 4033 sit,
582 3960 617 4017 ut
630 3952 773 4032 παιδίςκη
792 3957 824 4016 in
838 3957 869 4018 Μ
888 3951 1064 4016 παιδίςκιον
1082 3956 1163 4032 apud
1177 3956 1331 4017 Pollucem

159 4045 310 4106 exciderit.
348 4048 530 4107 eontrarium
548 4046 691 4107 accidisse
709 4047 829 4105 videtur
846 4047 878 4104 in
896 4041 1021 4120 κορίςκη
1042 4037 1102 4126 (Μ)
1122 4049 1154 4104 et
1171 4041 1328 4120 κορίςκιον

159 4125 273 4216 (Poll).
294 4165 333 4174 -
352 4153 412 4194 non
430 4137 543 4196 iustum
561 4136 659 4196 locum
677 4135 708 4192 in
725 4135 756 4193 M
775 4133 889 4210 aceepit
908 4133 1017 4208 μεῖραξ
1035 4134 1226 4213 vocabulum,
1251 4135 1329 4211 quod

158 4227 227 4300 post
245 4217 323 4298 κόρη
342 4225 391 4283 vel
410 4222 570 4299 παρθένος
594 4224 851 4300 transponendum
874 4226 921 4282 est
943 4224 1009 4284 coll.
1029 4241 1089 4282 exo.
1109 4216 1164 4281 ἐπ’
1183 4218 1329 4297 ἀρρένων

231 4394 264 4464 ³⁹)
287 4393 377 4450 Unam
401 4395 474 4449 hane
497 4371 620 4465 glossam
643 4412 677 4450 ex
704 4395 757 4450 hoo
781 4393 873 4464 capite
892 4392 1015 4450 servavit
1037 4393 1089 4464 fug.
1113 4392 1328 4459 Par.§11aol

159 4467 297 4536 κοράςιον,
316 4470 334 4536 ἡ
354 4468 432 4536 κόρη.
