3102 5158
237 287 302 354 294
704 288 828 360 Leopcld
846 289 937 344 Colm:

234 459 308 519 tisse
326 459 357 518 in
377 459 472 536 capite
491 457 714 534 Aristophaneo
734 462 905 519 constater
923 459 981 534 frg.
1000 457 1068 517 Par.
1088 456 1108 532 ξ
1126 459 1155 532 6,
1174 458 1240 517 nbi:
1259 452 1310 517 καὶ
1329 455 1409 532 ψελ-

236 543 305 624 lte,
336 568 390 608 nec
418 551 514 625 plura.
560 548 612 608 sed
641 568 716 624 quae
750 547 895 624 descripsi
921 548 1114 608 Bustathium
1143 565 1179 606 ex
1206 547 1410 623 Aristophane

235 638 348 697 habere
366 637 456 698 fidem
474 638 547 696 facit
566 637 785 712 Antiatticista‚
805 639 856 712 qui
875 638 1000 696 eundem
1019 635 1163 712 Aeschyli
1181 637 1280 696 locum
1299 636 1411 695 excitat

237 729 377 801 116,18
403 721 536 802 ψελλόε·
565 722 718 800 Αἰεχύλοε
741 723 914 801 Προμηθεῖ.
957 723 1076 786 τέθεικε
1104 722 1140 784 δὲ
1163 723 1231 800 τὴν,
1246 722 1332 787 λέξιν
1357 720 1410 784 ἐπὶ

236 816 294 876 τοῦ
314 815 424 889 (αφῶε
452 812 492 891 μὴ
518 811 694 890 εἰρημένου.
732 834 767 874 ac
791 816 929 875 similiter
947 815 1090 890 Aeschyli
1113 816 1210 874 locum
1236 815 1302 874 eins
1327 814 1410 874 scho-

236 905 326 964 liasta
336 904 477 980 explicat:
492 899 558 964 ἀπὸ
573 903 758 980 μεταφομᾶε
772 903 838 966 τῶν
854 899 1074 978 ψελλιζόντων
1088 898 1225 963 παιδίων
1240 899 1290 963 καὶ
1304 897 1409 976 dyvo—
1517 929 1523 946 ·

237 1007 312 1054 (τον
335 989 517 1053 ποιούντων
540 989 579 1053 τὸ
602 991 750 1069 λαληθέν.
791 995 909 1070 proprie
934 993 1012 1052 enim
1036 987 1157 1068 ψελλόε
1177 986 1329 1052 ‘blaesus'
1349 996 1412 1069 est;.

236 1083 455 1158 Aristophanes
485 1083 579 1159 igitur
606 1083 770 1159 Byzantius
802 1083 981 1142 testimoniis
1005 1082 1216 1158 Aristophanis
1245 1081 1348 1142 comici
1379 1084 1411 1140 et

238 1171 380 1248 Aeschyli
398 1171 499 1232 allatis
520 1167 641 1246 ψελλόε
659 1171 798 1232 vocabuli
816 1190 904 1230 usum
918 1171 1089 1248 generalem
1108 1171 1167 1230 iam
1189 1171 1319 1246 antiquis
1339 1170 1408 1230 scri-

200 1269 210 1286 '
237 1260 374 1338 ptoribus
393 1261 545 1338 cognitum
564 1261 658 1322 fuisse
676 1253 949 1341 demonstravitt)

326 1350 483 1411 Rationem
501 1368 579 1426 quae
597 1351 676 1410 inter
690 1350 922 1426 Aristophanem
942 1353 972 1410 et
986 1349 1224 1410 Antiatticistam
1243 1349 1410 1408 intercedat

237 1441 330 1500 vides.
376 1439 478 1515 itaque
505 1442 629 1515 propter
655 1439 881 1500 Antiatticistae
910 1458 1086 1500 consensum
1113 1439 1211 1500 nescio
1239 1457 1278 1498 an
1302 1435 1408 1514 capitis

238 1528 452 1603 Aristophanei
475 1529 584 1605 glossis
604 1529 674 1588 addi
696 1529 792 1604 possit
816 1529 906 1603 κῦμα.
944 1531 1086 1605 quattuor
1109 1528 1182 1588 locis
1202 1521 1244 1606 (p.
1265 1529 1337 1604 656,
1358 1529 1408 1586 58.

240 1620 334 1693 1234,
354 1620 406 1676 42.
433 1619 529 1692 1640,
553 1619 603 1678 60.
630 1620 729 1693 1681,
748 1609 806 1698 42)
830 1618 912 1691 κῦμα
930 1617 1108 1678 vocabulum
1132 1616 1319 1678 aveteribus
1339 1609 1410 1674 ἀντὶ

238 1706 297 1766 τοῦ
315 1701 417 1781 κύημα
437 1725 502 1766 esse
521 1710 701 1783 usurpatum
719 1707 873 1767 adnotavit
888 1707 1064 1766 Bustathius
1085 1725 1209 1782 eamque
1228 1705 1409 1766 observatio·

238 1815 306 1854 nem
333 1795 507 1854 testimonio
535 1815 570 1854 ex
597 1796 749 1872 Euripidis
773 1794 924 1873 Cercyona
947 1796 1041 1872 petito
1070 1789 1244 1870 ‘ye‘ponccv
1272 1790 1409 1869 κύματα(

238 1878 434 1957 θεοετιόρον’
458 1878 529 1966 (frg.
557 1888 617 1945 107
642 1877 784 1966 Dindorf)
808 1877 986 1964 ornavit²¹),
1013 1885 1095 1943 nullo
1119 1887 1221 1944 tamen
1244 1885 1307 1943 loco
1331 1884 1409 1941 unde

238 1975 311 2032 haec
339 1973 482 2033 derivarit
509 1972 661 2034 indicavit.
702 1973 935 2050 Aristophanem
959 1974 1138 2050 Byzantium
1166 1974 1230 2034 eius
1258 1974 1408 2032 auctorem

238 2063 331 2122 fuisse
351 2063 485 2138 suspicor
502 2065 626 2139 propter
643 2063 771 2123 Antiatt.
793 2066 870 2140 104,
891 2066 909 2123 9
930 2063 1024 2137 κῦμα·
1044 2058 1114 2123 ἀντὶ
1132 2062 1191 2123 τοῦ
1209 2059 1319 2136 κύημα.

327 2153 391 2210 Iam
411 2153 566 2228 quaeritur
588 2172 661 2211 num
679 2152 887 2213 Antiatticista
905 2155 1027 2212 anctore
1051 2171 1123 2212 usus
1149 2152 1189 2211 sit
1206 2151 1410 2226 Aristophane

238 2242 391 2317 Byzantia.
421 2240 584 2300 affirmavit
601 2241 704 2318 Bergk
723 2237 819 2322 (Post.
834 2243 890 2318 lyr.
906 2241 956 2300 Gr.
978 2233 1005 2298 1⁴
1020 2234 1100 2320 372)
1118 2240 1240 2314 propter
1259 2233 1409 2312 Ἀθηναία

239 2331 379 2405 glossam.
397 2330 523 2405 insignis
538 2331 584 2389 est
598 2329 634 2388 de
648 2331 703 2389 hoc
712 2330 858 2390 vocabulo
873 2329 1036 2405 disputatio
1048 2328 1156 2387 Suidae
1167 2347 1189 2386 s.
1197 2347 1225 2388 v.
1233 2320 1409 2401 Ἀθηναίαε,
1529 2379 1530 2382 ,

239 2418 276 2478 de
290 2437 349 2494 qua
363 2419 464 2494 Bergk
478 2419 498 2478 l.
512 2420 531 2476 l.
549 2419 623 2478 haec
641 2419 809 2479 adnotavit:
842 2413 935 2477 ‘Haec
950 2417 1056 2476 Suidas
1075 2435 1172 2492 neque
1188 2435 1223 2474 ex
1237 2414 1408 2490 Phrynicho
1529 2489 1530 2506 χ

238 2527 335 2582 neque
345 2527 381 2566 er
389 2507 555 2568 Pausaniae
565 2507 682 2568 Aeliive
689 2507 827 2583 Dionysii
836 2507 938 2566 lexicis
948 2507 1075 2582 repetiit,
1087 2505 1139 2565 sed
1151 2525 1185 2564 ex
1195 2505 1409 2580 Antietticista,

239 2597 291 2672 qui
305 2599 339 2655 nt
349 2595 560 2657 Atticistarum
574 2597 762 2657 notissimum
776 2596 851 2655 illud
864 2598 1057 2672 praeceptum
1071 2589 1213 2670 Ἀττικήν
1227 2586 1409 2669 οἰνοάετήν,
1529 2651 1530 2686 y

239 2705 299 2744 non
322 2679 493 2760 Ἀθηναίαν
517 2703 581 2745 esse
604 2686 759 2746 dicendam
783 2687 993 2765 redargueret,
1020 2684 1157 2744 adhibuit
1187 2685 1266 2743 hunc
1287 2683 1409 2741 Pindari

239 2769 384 2836 versnm'.
428 2774 550 2833 Suidam
578 2777 679 2834 autem
706 2775 869 2852 integriore
897 2776 1051 2851 opusculo,
1080 2792 1170 2850 quam
1197 2792 1275 2832 nunc
1303 2774 1409 2844 exstet,
1529 2795 1530 2838 y

158 2891 174 2918 ι
239 2883 305 2923 esse
330 2883 426 2926 usum.
472 2857 697 2926 ‘Antiatticista
714 2867 815 2924 autem
838 2864 957 2923 videtur
975 2865 1030 2924 hoc
1049 2864 1217 2938 exemplum
1240 2880 1276 2921 ex
1294 2861 1407 2919 Aristo·
1529 2853 1530 2916 ι

239 2954 336 3029 phane
355 2953 549 3029 grammatico
568 2947 782 3029 descripsisse.'
815 2972 905 3029 quam
928 2947 1108 3012 sententiam
1127 2952 1264 3028 equidem
1282 2949 1409 3026 probare

240 3061 299 3101 non
321 3061 454 3118 possum.
497 3041 605 3102 Suidae
624 3043 702 3102 enim
722 3044 859 3120 glossae
877 3043 994 3102 duabus
1017 3042 1153 3118 partibus
1173 3043 1220 3100 est
1237 3039 1409 3115 composita,
1529 3041 1530 3092 l

131 3187 133 3191 .
240 3151 368 3207 quarum
385 3131 468 3208 prior
486 3149 522 3188 ex
535 3131 604 3190 Aeli
618 3132 744 3208 Dionysi
757 3132 983 3208 Pausaniaeque
1001 3132 1103 3191 lexicis
1124 3124 1203 3212 (coll.
1218 3130 1302 3188 Euat.
1317 3149 1345 3204 p.
1358 3128 1409 3200 84,

243 3222 292 3281 18.
314 3223 407 3294 1466,
424 3214 489 3300 50),
509 3222 658 3296 posterior
673 3213 705 3298 (ὁ
721 3217 879 3296 Φρύνιχοε
898 3218 1006 3295 μέντοι
1025 3212 1105 3300 κτλ.)
1124 3239 1160 3278 ex
1175 3217 1232 3278 Oro
1247 3207 1410 3295 Milesiam)
1529 3251 1530 3288 3

240 3311 417 3386 deprompta
435 3314 488 3369 est.
508 3310 544 3368 cf.
558 3310 662 3370 Nabar
676 3310 763 3371 Phot.
777 3310 895 3386 Proleg.
909 3331 937 3386 p.
954 3312 1004 3370 98.
1038 3308 1090 3368 Ori
1109 3309 1188 3366 enim
1203 3309 1239 3366 de
1253 3327 1311 3366 nsu
1329 3305 1409 3367 vocis

240 3392 390 3474 Ἀθηναία
413 3399 647 3475 disputationem
673 3401 812 3460 exhihere
836 3400 956 3460 videtur
972 3393 1030 3480 (cf.
1049 3398 1165 3458 Bitschl
1183 3397 1220 3455 de
1240 3394 1299 3455 Orc
1318 3414 1347 3472 p.
1367 3395 1408 3452 58

241 3488 303 3548 sive
327 3488 435 3564 Opusc.
453 3489 468 3546 Ι
488 3485 566 3565 646)
591 3488 759 3563 Stephanus
782 3489 944 3566 Byzantius
965 3507 987 3549 s.
1006 3508 1034 3548 v.
1052 3481 1193 3563 Ἀθῆναι·
1208 3529 1215 3543 .
1231 3529 1259 3545 ..
1279 3478 1298 3540 ὁ
1317 3476 1408 3540 πολί-

240 3592 296 3651 τηε
315 3571 482 3653 Ἀθηναῖο(
500 3573 551 3636 καὶ
570 3574 709 3652 θηλυκὸν
728 3572 885 3653 Ἀθηναία.
922 3574 942 3653 ἡ
966 3573 1002 3636 δὲ
1021 3573 1094 3636 θεὸε
1115 3567 1264 3648 Ἀθηναία
1283 3567 1409 3642 λέγεται
1529 3597 1530 3644 1

336 3709 454 3716 --.ω

315 3765 349 3834 ²⁰)
365 3765 471 3820 Eodem
485 3767 543 3820 fere
559 3765 641 3821 modo
651 3765 846 3837 Aristophanis
861 3765 1007 3821 consilium
1022 3758 1173 3832 explicavit
1183 3759 1248 3815 Otto
1260 3758 1411 3813 Schneider
1529 3753 1530 3764 ¹

241 3836 312 3906 (Jen.
330 3835 470 3907 Litt-Ztg.
492 3841 560 3891 1848
579 3855 606 3906 p.
626 3841 689 3906 918)
719 3837 791 3892 ‘von
812 3838 913 3904 ψελλόε
936 3835 1058 3906 (mbchte
1077 3837 1123 3890 Ar.
1146 3831 1276 3888 hemerht
1297 3831 1411 3900 haben),

243 3911 308 3964 dass
327 3924 355 3962 es
373 3907 453 3962 nicht
471 3909 533 3964 blos
547 3908 601 3962 den
620 3909 732 3964 blaesus
751 3908 808 3963 und
822 3908 932 3975 balbus,
951 3906 1072 3962 sondem
1090 3903 1163 3961 anch
1179 3903 1244 3974 jede
1259 3903 1362 3958 andere
1381 3901 1410 3956 in
1529 3899 1530 3930 ³

243 3980 335 4035 einem
353 3978 454 4034 Fehler
473 3979 522 4033 der
541 3979 635 4050 Zunge
654 3979 733 4034 nicht
750 3979 923 4048 hegrtindete
938 3974 1170 4032 Undeutlichkeit
1188 3975 1237 4029 der
1250 3975 1327 4028 Bedc
1346 3973 1410 4026 mit·
1529 3979 1530 3996 ¹

241 4053 322 4106 unter
340 4048 517 4106 bezeichne’.
536 4080 571 4090 —
602 4050 635 4117 ²¹)
654 4051 805 4106 Praeterea
824 4049 922 4105 afferre
941 4049 1034 4118 potuit
1053 4048 1152 4102 Aesch.
1173 4046 1239 4100 Cho.
1260 4052 1310 4101 128
1329 4045 1408 4097 Eum.

242 4128 302 4178 aba.
327 4121 447 4190 'saepius
475 4119 546 4176 illud
575 4121 742 4176 vocabulum
770 4122 907 4190 usurpant
928 4113 1100 4190 posteriores·
1119 4121 1151 4174 ut
1173 4117 1267 4188 Apoll.
1290 4115 1343 4173 Bh.
1363 4113 1410 4180 IV,
1529 4137 1530 4144 ι

244 4200 321 4248 1498.
341 4195 426 4249 Leon.
441 4193 505 4248 Tar.
520 4194 604 4247 Anth.
624 4193 871 4262 Pa1.V1,aoo.-
892 4190 926 4262 ²¹)
946 4192 1007 4258 Qua
1025 4192 1072 4247 'via
1086 4191 1185 4246 Suidas
1205 4189 1261 4259 (vel
1280 4187 1304 4240 si
1321 4185 1411 4240 mavis
1529 4201 1530 4222 ι

241 4264 370 4334 Photins)
394 4263 443 4319 Ori
467 4265 628 4335 excerptum
651 4267 749 4319 nactus
772 4263 810 4319 sit
831 4264 933 4318 nescio.
962 4262 1016 4332 ipsi
1041 4265 1116 4318 certe
1143 4277 1195 4317 nec
1218 4259 1333 4313 Photins
1359 4272 1410 4310 nec

243 4336 343 4390 Suidas
363 4335 412 4390 Ori
429 4335 532 4390 librum
551 4335 717 4391 habuerunt.
746 4335 912 4390 coniecerim
934 4334 1018 4390 finem
1036 4335 1147 4405 glossae
1167 4330 1339 4398 eStephano
1358 4328 1410 4396 By·

242 4409 334 4490 zantio
349 4424 413 4490 'esse
431 4406 638 4476 interpolatum.
676 4422 740 4461 nam
761 4407 932 4476 Stephanum
958 4406 1082 4462 aSuida
1099 4403 1255 4461 adhibitum
1275 4417 1335 4455 esse
1354 4417 1410 4454 non

242 4495 365 4534 memini.
