3102 5158
241 259 307 324 332
704 259 831 332 Leopold
850 259 941 318 Oohn:

241 451 311 490 nam
337 431 437 492 verbis
466 426 553 505 παρὰ
581 428 739 506 Δωριεύει
765 431 962 509 Sophronam,
992 424 1072 506 παρ’
1094 425 1175 492 ”lun
1204 429 1418 494 Archilochum

125 539 128 546 ’
241 519 404 597 significari
433 524 567 597 apparet.
612 521 830 598 Aristophanes
854 522 925 598 Byz.
953 540 1025 580 num
1054 521 1210 597 utriusque
1238 524 1343 582 auctor
1376 523 1416 582 sit

241 602 284 690 (N
286 610 358 669 aber
369 610 486 687 Proleg.
496 630 524 686 p.
537 612 576 670 77
580 603 603 692 )‚
622 611 710 671 valde
729 611 843 688 dubito,
862 611 1002 687 quoniam
1018 610 1179 671 scholiasta
1194 611 1415 686 Aristophanis,
1534 661 1535 664 ,

241 698 361 759 etiamsi
389 699 489 760 verbis
523 693 553 759 oi
581 695 655 774 περὶ
682 692 891 775 Ἀριετοφάνη
920 700 1153 776 Aristophanem
1182 700 1414 776 grammaticum
1534 765 1535 778 ἢ

242 787 403 864 significari
426 788 632 864 concedamus,
656 789 775 850 tautum
798 790 835 850 de
859 783 980 864 μιεητία
1002 807 1073 850 voce
1097 789 1169 864 quid
1193 789 1414 865 Aristophanes

240 877 417 938 iudicaverit
439 869 513 958 (non
535 878 572 938 de
596 873 718 956 μιεήτη)
748 878 879 938 adnotat.
923 877 1028 938 Aelius
1054 878 1217 955 Dionysius
1246 881 1359 953 autem,
1390 878 1415 938 si

241 966 367 1026 Photius
386 986 455 1026 eum
479 967 617 1027 hocloco
637 967 787 1046 adhibuit,
810 986 869 1028 non
892 986 910 1026 a
933 958 1141 1044 Tryphone⁹⁹l
1166 967 1219 1026 sed
1242 985 1260 1026 a
1284 966 1415 1044 Didymo

241 1055 360 1130 pendet
402 1055 581 1116 Eustathiue
604 1055 725 1116 Aelium
748 1056 927 1132 Dionysium
954 1057 1010 1116 hoo
1042 1057 1107 1118 loco
1131 1075 1190 1116 non
1216 1059 1336 1116 secutus
1359 1059 1414 1116 est.
1534 1083 1535 1092 ι

241 1145 342 1220 itaque
370 1145 458 1205 facile
486 1145 663 1205 crediderim
691 1163 758 1205 cum
782 1145 924 1206 Fresenio
951 1146 1031 1205 hunc
1058 1146 1158 1206 locum
1181 1145 1415 1204 Eustethianum

241 1233 281 1292 ad
299 1233 422 1294 Suetoni
442 1230 514 1308 περὶ
535 1232 740 1310 βλαεφημιῶν
759 1235 869 1294 librum
887 1253 953 1295 esse
971 1233 1171 1308 referendum,
1189 1234 1247 1294 etsi
1265 1238 1415 1310 procerte
1460 1272 1463 1279 -

186 1397 189 1408 Ι
242 1323 387 1382 affirmari
405 1342 464 1383 non
482 1315 646 1405 potest.¹⁰⁰)

332 1410 535 1473 Confidentiae
554 1407 684 1487 κύνειρα
702 1415 834 1492 glossam
854 1413 1027 1473 aFresenio
1047 1411 1187 1472 omissam
1203 1403 1344 1472 Suetonio
1363 1411 1416 1470 tri-

241 1502 333 1561 buere
356 1500 430 1560 mihi
454 1500 565 1562 videor.
607 1502 705 1562 trihus
730 1503 802 1562 locis
833 1502 871 1560 ab
894 1501 1054 1561 Eustathio
1083 1503 1344 1574 commemoratur,
1367 1500 1415 1560 bis

241 1609 387 1649 unacum
406 1590 473 1648 aliis
491 1591 600 1666 glossis
620 1589 821 1651 Suetonianis:
842 1591 926 1650 Eust
946 1611 974 1666 p.
995 1592 1069 1665 527,
1088 1591 1129 1649 45
1152 1581 1193 1668 (v.
1213 1609 1276 1666 sup.
1291 1611 1319 1666 p.
1334 1581 1415 1670 329)

241 1673 318 1740 ὅθεν
332 1675 352 1754 ἡ
367 1676 484 1753 κωμικὴ
501 1675 681 1755 βλαεφημία
694 1675 888 1754 κενταύροοε
902 1674 1011 1742 ἔπαιζε
1026 1724 1033 1738 .
1049 1725 1055 1738 .
1072 1724 1078 1738 .
1098 1673 1143 1738 ἔτι
1163 1675 1198 1738 δὲ
1215 1676 1265 1738 καὶ
1281 1674 1414 1738 λαεταύ-

243 1785 319 1843 pout
338 1815 344 1828 .
360 1814 368 1828 .
383 1814 391 1830 .
409 1764 429 1842 ἡ
449 1761 481 1826 δ’
501 1763 595 1843 αύτὴ
613 1766 665 1828 καὶ
684 1765 771 1844 παρὰ
788 1765 846 1829 τὸν
865 1764 945 1828 κύνα
964 1763 1067 1830 παίζει
1086 1765 1144 1842 τὴν
1163 1763 1323 1842 κύνειμαν,
1343 1763 1417 1841 περὶ

241 1852 279 1932 ἦε
302 1852 447 1931 ἀλλαχοῦ
471 1857 632 1932 δηλοῦται.
667 1879 696 1934 p.
717 1860 816 1935 1821,
836 1860 877 1917 52
897 1861 1056 1934 postquam
1081 1857 1118 1917 de
1144 1852 1291 1930 μύζουριε
1314 1857 1417 1934 glossa

244 1946 417 2023 disputavit,
437 1947 479 2008 sic
497 1947 610 2022 pergit:
630 1941 675 2011 ὼε
688 1944 724 2006 δὲ
744 1943 795 2006 καὶ
809 1942 895 2007 κύων
915 1938 1098 2020 ἐπὶ’μορίου
1114 1942 1229 2022 θήλεοε
1237 1938 1287 2027 ¹⁰¹)
1306 1946 1416 2020 κεῖται,

241 2031 466 2111 ἡείρηεομένη
491 2031 619 2109 κύνειρα
643 2035 750 2110 δηλοῖ,
776 2038 806 2095 et
829 2056 857 2112 p.
883 2029 1108 2110 1822,15uc
1132 2032 1167 2094 δὲ
1192 2029 1278 2094 κύων
1302 2031 1353 2093 καὶ
1376 2036 1415 2114 τῇ

243 2120 393 2204 κωμῳδίᾳ
426 2121 559 2200 ἐνέπηζε
589 2123 717 2200 εκῶμμα
745 2124 941 2203 γυναικεῖον,
970 2120 1028 2200 τὴν
1061 2119 1229 2199 εἰρημένην
1258 2119 1416 2198 κύνειμαν,
1534 2207 1535 2210 ¹

241 2210 343 2288 ἤγουν
368 2211 426 2288 τήν
442 2211 507 2275 ’τὸν
526 2209 606 2274 κύνα
625 2209 801 2289 εύμύουεαν
824 2208 919 2292 [ὅπερ
943 2209 1006 2273 ἐετὶ
1030 2209 1263 2288 ἐφελκομένην]
1280 2257 1335 2287 ...,
1355 2227 1416 2271 πα-

243 2298 317 2362 λαιὰ
336 2303 443 2377 χρῆειε
462 2301 555 2376 δηλοῖ
578 2297 776 2377 ἐμφαίνουεα
795 2299 876 2378 πρὸ(
895 2297 1067 2377 ὁμοιότητα
1090 2301 1148 2361 τοῦ
1172 2291 1349 2376 κυνόεουμα
1373 2296 1415 2361 εἰ-

243 2392 354 2466 percu
372 2387 409 2450 τὸ
429 2387 566 2465 κύνειρα.

332 2481 453 2540 Nullius
473 2481 602 2541 auctoris
627 2485 766 2557 excerpta
791 2481 853 2541 suis
872 2480 1046 2540 commentis
1071 2479 1219 2556 nugisque
1242 2479 1338 2556 magis
1357 2480 1416 2538 nu-

121 2579 125 2590 ‘
244 2570 374 2630 stathius
394 2570 528 2646 corrupit
546 2589 636 2647 quam
660 2569 791 2632 Suetoni.
828 2571 941 2630 etenim
962 2589 1045 2631 more
1066 2569 1173 2628 aetatis
1199 2587 1270 2628 suae
1289 2569 1416 2628 maxime

196 2685 201 2695 ·
244 2658 450 2718 delectabatur
464 2659 654 2736 etymologiis
673 2660 834 2719 verborum
849 2659 1060 2736 excogitandis,
1093 2677 1169 2735 quae
1184 2658 1327 2718 Eustathi
1345 2659 1417 2716 alio-

243 2767 368 2824 rumque
383 2748 537 2807 hominum
547 2748 778 2824 Byzantinorum
794 2752 961 2809 commenta
975 2767 993 2808 a
1005 2751 1142 2810 veterum
1152 2746 1416 2824 grammaticorum

243 2837 420 2914 fragmentis
449 2836 487 2895 ab
515 2837 574 2896 illis
598 2836 719 2896 traditis
748 2855 901 2898 secernere
929 2857 990 2898 non
1016 2837 1104 2897 facilc
1127 2837 1186 2910 est,
1214 2836 1354 2912 quoniam
1377 2855 1415 2894 ne

243 2924 461 2986 Alexandrinos
493 2925 613 3003 quidem
635 2927 847 3002 grammaticos
874 2927 1047 3004 veriloquiis
1075 2925 1257 2984 abstinuisse
1281 2928 1312 2984 et
1334 2925 1415 3001 ipsos
1534 2963 1535 2970 ι

244 3017 339 3075 multa
353 3016 385 3074 in
399 3015 436 3074 iis
450 3016 547 3074 iocose
563 3017 744 3076 commisisse
759 3017 884 3076 constat.
919 3015 1079 3076 Suetonius
1094 3033 1161 3073 cum
1178 3014 1309 3072 omnium
1323 3013 1413 3072 male-

244 3104 391 3164 dictorum
401 3103 531 3181 origines
545 3105 730 3182 investigare
745 3104 801 3164 sibi
810 3105 1025 3184 proposuisset,
1038 3103 1176 3180 plurimis
1186 3103 1295 3180 glossis
1308 3103 1415 3163 verilo-

244 3195 314 3270 quia
334 3192 530 3269 adscripsisse
549 3194 700 3269 putandus
720 3196 774 3253 est.
811 3193 880 3253 hinc
903 3195 1000 3253 elucet
1022 3211 1112 3269 quam
1135 3191 1223 3252 facile
1246 3192 1338 3252 fuerit
1355 3191 1415 3249 Eu-

245 3282 365 3344 stathio.
381 3281 594 3343 Suetonianam
618 3282 783 3342 doctrinam
806 3283 962 3359 inquinare
992 3281 1054 3342 suis
1083 3281 1266 3341 commentis.
1308 3282 1415 3341 horum
1466 3322 1469 3327 -

246 3372 413 3433 studiorum
432 3371 646 3448 archiepiscopi
662 3372 934 3432 Thessalonicensis
954 3371 1123 3447 exemplum
1141 3369 1288 3430 famosum
1308 3388 1414 3446 suppe-

245 3462 323 3520 ditat
341 3461 442 3540 glossa
461 3460 550 3520 huius
565 3461 671 3537 capitis
691 3455 858 3537 καεαλβάε,
878 3461 956 3537 quod
975 3480 1067 3520 unum
1083 3477 1138 3535 pro
1157 3459 1261 3518 multis
1280 3459 1415 3535 proferre

244 3551 347 3610 liceat:
371 3543 529 3625 καεαλβύκ
549 3551 580 3608 Μ
602 3550 720 3609 derivat
743 3544 885 3610 ἀπὸτοῦ
908 3548 1018 3610 καλεῖν
1040 3544 1092 3608 καὶ
1116 3547 1229 3622 εοβεῑν.
1238 3539 1290 3627 102)
1327 3548 1416 3606 aliter

244 3638 329 3698 Eust.
343 3658 371 3714 p.
389 3640 461 3712 741,
478 3640 517 3697 28
537 3635 595 3713 τὴν
611 3635 645 3698 δὲ
666 3633 766 3713 αὐτὴν
781 3633 939 3713 ectropion
954 3635 1004 3698 καὶ
1019 3636 1186 3710 καεωρῖτιν
1202 3630 1317 3707 ἔλεγόν
1331 3651 1415 3696 τινε(

245 3724 295 3787 καὶ
315 3722 536 3803 καεαλβάδα
555 3723 643 3802 παρὰ
661 3723 698 3787 τὸ
714 3721 802 3788 κάεαι
816 3723 868 3788 καὶ
886 3724 924 3787 τὸ
939 3721 1038 3787 ἄλλο(
1058 3721 1109 3785 καὶ
1121 3720 1160 3784 τὸ
1181 3719 1295 3804 βάζειν,
1314 3721 1415 3786 οἱονεὶ

317 3949 352 4018 ⁹⁹)
377 3949 519 4015 Quantum
546 3952 633 4022 igitur
658 3952 763 4007 Nsberi
790 3951 966 4007 coniecturae
995 3949 1030 4004 de
1052 3949 1202 4018 Tryphone
1225 3949 1318 4004 medio
1342 3948 1413 4002 inter
1534 3981 1535 3984 η

246 4021 463 4091 Aristophanem
483 4025 512 4076 et
529 4023 641 4078 Aelium
659 4022 824 4092 Dionysium
843 4020 1022 4078 tribuendum
1041 4021 1091 4090 sit,
1114 4020 1198 4076 facile
1216 4039 1252 4091 ap
1273 4022 1340 4074 aret.
1377 4015 1413 4069 ab

244 4091 298 4148 hoc
318 4093 392 4148 enim
410 4093 474 4149 loco
487 4094 629 4164 proiectus
643 4098 688 4150 cst
705 4097 742 4164 (v.
763 4113 822 4163 sup.
841 4096 898 4149 not.
914 4096 967 4162 78).
986 4123 1022 4132 -
1043 4091 1088 4161 ¹⁰⁰)
1106 4091 1237 4148 Fortasse
1251 4040 1412 4171 Austathius

244 4164 331 4219 verba
350 4166 510 4232 βαρυτόνωε
527 4166 596 4234 πρὸ(
615 4169 760 4234 διαιτολήν
777 4171 829 4232 ecc
847 4164 1067 4231 ὀξυτονουμένηε
1090 4163 1125 4217 de
1144 4181 1194 4218 suo
1212 4159 1327 4216 adiecit:
1351 4162 1412 4212 tum

245 4234 376 4290 Eustathi
395 4239 492 4291 auctor
505 4236 676 4306 (Suetonius)
696 4238 732 4292 ab
746 4254 802 4291 nno
822 4237 941 4304 Didymo
960 4235 1064 4303 pendet
1082 4233 1099 4288 i.
1115 4252 1138 4289 e.
1159 4231 1307 4288 abeodem
1321 4247 1340 4285 a
1357 4246 1412 4298 quo

244 4306 400 4376 Hesychius
426 4308 455 4361 et
477 4308 602 4365 Photius.
626 4340 659 4348 -
691 4309 736 4375 101)
759 4309 848 4362 Immo
876 4306 1012 4374 ἀνδρείου.
1041 4306 1075 4361 cf.
1099 4305 1218 4374 Hesych.
1240 4301 1321 4382 Phot.
1346 4319 1367 4357 s.
1387 4319 1411 4356 v.

245 4380 329 4432 κύων.
349 4377 393 4435 Et.
408 4378 463 4448 Mg.
479 4385 541 4446 549,
555 4387 598 4435 27.
614 4411 647 4419 —
665 4378 711 4444 rm)
727 4378 921 4448 Verilcquium
935 4377 1070 4433 Suetonio
1084 4391 1143 4431 esse
1158 4373 1299 4441 antiqmns
1313 4373 1414 4430 docent

246 4449 333 4503 schol.
352 4449 398 4506 Ar.
418 4450 467 4518 Eq.
488 4456 540 4506 355
559 4450 634 4507 Eccl.
656 4456 723 4505 1106
743 4450 862 4520 Hesych.
883 4467 904 4505 a.
924 4467 949 4504 v.
969 4449 1013 4502 Et.
1033 4448 1089 4517 Mg.
1109 4451 1170 4514 493,
1189 4449 1232 4498 28.
