3102 5158
168 278 209 333 De
224 276 416 348 Aristophane
429 276 565 348 Byzantio
580 279 609 332 et
623 277 756 334 Suetonio
767 277 931 348 Tranquillo
941 278 1072 335 Eustathi
1085 280 1255 337 au‘ctoribus.
1276 280 1340 344 323

171 448 266 508 stathi
285 448 448 523 exemplari
467 449 634 508 exstabant.
665 467 742 525 quae
761 468 797 507 ex
814 450 941 524 utroque
955 448 1053 525 capite
1070 449 1241 524 fragmenta
1256 449 1339 508 llust.

169 536 304 610 exhibet,
328 556 363 596 ex
387 536 542 596 Athenaeo
566 536 725 612 descripsit
746 529 869 616 (Nauck
892 539 949 613 frg.
968 537 1092 598 XXVII.
1110 531 1233 618 XXXI).
1270 557 1340 596 num

169 626 290 702 praeter
309 624 425 685 Atticas
445 629 476 686 et
494 625 655 685 Laconicas
679 623 779 687 λέξει(
803 626 879 686 alius
904 627 1058 686 cuiusdam
1082 627 1202 686 dialecti
1225 623 1341 686 Ariste·

170 715 283 791 phanes
307 714 519 789 illustraverit,
541 733 600 774 non
625 716 801 791 accepimus.
838 734 907 774 nam
932 716 1011 792 quod
1030 717 1059 776 J.
1078 715 1167 775 Klein
1191 708 1339 795 (Erotian.

169 803 288 880 Proleg.
299 824 327 880 p.
337 797 478 884 XXXVI)
498 803 639 864 Ionioas
659 805 777 881 glossas
792 804 984 880 peculiariter
999 824 1067 865 eum
1081 803 1257 865 tractavisse
1276 823 1340 880 per-

171 911 291 952 suasum
310 892 425 966 habuit,
445 912 480 952 ea
499 893 597 970 opinio
616 912 671 952 nee
689 893 789 968 aliquo
809 892 980 954 testimonio
998 894 1106 953 nititur
1124 913 1178 954 nec
1198 886 1244 976 (id
1262 894 1341 969 quod

169 982 257 1041 Klein
284 973 416 1062 putavit)
445 982 532 1043 lexici
558 982 714 1042 Erotianei
737 982 847 1060 glossis
865 982 1093 1059 Aristophaneis
1122 983 1340 1059 comprobatur.

170 1062 331 1150 septem⁸⁵J
354 1070 426 1130 locis
454 1073 672 1147 Aristophanes
701 1073 915 1148 grammaticus
943 1075 981 1133 ab
1000 1073 1143 1132 Erotiauo
1166 1072 1341 1154 nominatim

169 1161 321 1231 laudatur,
341 1179 469 1236 quorum
487 1164 550 1220 tres
570 1161 681 1220 diserte
700 1161 738 1220 ad
758 1157 858 1222 λέξει(
873 1154 1012 1221 Ἀττικά(
1030 1162 1203 1221 referuntur
1221 1154 1341 1240 (Nauck

168 1251 227 1325 frg.
251 1248 389 1310 XXVIII.
412 1249 519 1310 XXIX.
542 1242 648 1331 XXX).
693 1251 796 1326 itaque
820 1252 963 1326 quattuor
985 1251 1116 1327 reliquos
1137 1243 1256 1331 (Nauck
1284 1251 1341 1326 ir‘g.

167 1337 274 1398 LXIX.
307 1338 470 1399 LXXXVI.
497 1337 557 1398 XO.
584 1338 668 1398 Erot.
695 1339 752 1415 frg.
783 1341 823 1399 66
853 1332 995 1418 κοχώνη)
1028 1339 1066 1398 ad
1099 1339 1218 1400 easdem
1251 1358 1342 1414 supra

170 1420 246 1504 (not.
268 1419 301 1505 6)
321 1427 472 1504 revocavi,
489 1446 544 1487 nec
568 1447 686 1506 vereor,
704 1447 741 1487 ne
760 1429 827 1506 quis
848 1447 883 1486 ex
902 1429 944 1488 eis
964 1428 1086 1505 colligat
1108 1428 1341 1504 Aristophanem

167 1517 347 1593 Byzantium
368 1509 505 1577 Ἰωνικὰ(
530 1514 629 1579 λέξει(
654 1517 815 1594 scripsisse.
853 1518 977 1594 proinde
1000 1537 1076 1594 quae
1100 1517 1192 1577 tacito
1211 1518 1341 1577 auctoris

168 1606 287 1665 nomine
306 1605 528 1682 Aristophanae
546 1607 577 1666 in
595 1606 733 1666 Erotiani
756 1606 849 1666 lexico
874 1609 1043 1666 tractantur
1061 1626 1196 1682 quaeque
1219 1607 1257 1665 ad
1277 1625 1342 1666 con-

169 1694 314 1754 iecturam
334 1713 418 1754 suam
437 1695 618 1755 fulciendam
637 1694 726 1755 Klein
744 1695 894 1767 adhibuit,
918 1715 953 1755 ea
971 1696 1058 1755 facile
1082 1695 1121 1754 ad
1143 1699 1226 1755 certa
1244 1696 1342 1771 capita

169 1780 290 1844 λέξεων
323 1783 611 1860 Aristophanearum
641 1788 830 1844 revocantur:
863 1785 903 1860 gl.
932 1780 1097 1859 προκώνια
1124 1805 1152 1860 p.
1176 1787 1232 1859 57,
1257 1788 1275 1844 3
1304 1785 1341 1843 ad

169 1867 309 1933 Ἀττικὰ(
332 1869 445 1947 λέξειε,
474 1867 617 1947 ἄρδαλον
640 1894 668 1950 p.
694 1875 743 1948 56,
764 1877 782 1934 9
806 1874 843 1932 ad
863 1877 954 1949 caput
977 1870 1049 1948 περὶ
1071 1870 1138 1934 τῶν
1161 1868 1340 1934 ὑποπτευο-

169 1959 276 2036 μένων
295 1954 337 2042 (ν.
351 1954 561 2044 sup.p.291),
581 1961 709 2037 μηλωτή
728 1983 756 2038 p.
778 1966 833 2036 79,
854 1967 871 2024 7
897 1966 929 2023 et
946 1958 1093 2039 πρόβατα
1111 1984 1141 2039 p.
1163 1964 1239 2039 108,
1259 1965 1278 2022 3
1304 1963 1341 2022 ad

168 2054 259 2127 eaput
286 2048 359 2125 περὶ
387 2043 559 2220 trispastos
587 2048 718 2126 ἡλικιῶν
746 2045 797 2134 (cf.
824 2053 909 2112 Euat.
933 2072 962 2128 p.
987 2054 1065 2127 877,
1084 2053 1137 2114 61.
1172 2053 1269 2127 1888,
1291 2053 1341 2112 57.

168 2162 196 2203 ν.
216 2160 280 2216 sup.
299 2161 327 2217 p.
349 2142 412 2200 306
432 2185 438 2198 .
720 2163 723 2169 ·

257 2230 302 2289 De
320 2230 410 2290 titulo
425 2222 560 2290 Ἀττικαὶ
579 2226 679 2292 λέξει(
697 2248 804 2289 novam
823 2228 1024 2290 coniecturam
1041 2231 1198 2306 proposuit
1211 2231 1341 2290 Ervinus

168 2319 273 2378 Rohde
297 2311 349 2400 (de
368 2318 479 2379 Polluc.
499 2319 573 2380 font.
592 2340 621 2396 p.
643 2321 682 2378 16
703 2339 731 2379 n.
752 2313 796 2400 1).
834 2313 973 2380 Ἀττικὰ(
992 2316 1092 2380 λέξει(
1111 2339 1169 2380 ιιοιι
1192 2321 1342 2396 peculiare

166 2412 256 2483 caput
271 2409 323 2468 sed
337 2410 436 2467 totum
449 2409 621 2484 glossarum
630 2428 705 2484 opus
718 2408 897 2485 inscriptum
910 2408 1004 2468 fuIsse
1014 2401 1232 2489 arbitraturffi)
1253 2429 1341 2484 quam

169 2498 207 2556 ad
226 2497 407 2557 sententiam
426 2497 616 2558 refutandam
636 2498 679 2558 eis
703 2515 780 2574 quae
802 2497 961 2557 Freseuius
980 2518 1008 2573 p.
1028 2499 1069 2557 23
1089 2496 1165 2557 dixit
1182 2517 1241 2557 non
1260 2498 1343 2556 nulla

169 2587 280 2646 addere
297 2586 396 2647 liceat.
429 2587 522 2646 totius
542 2587 640 2662 operis
654 2587 778 2645 titulum
797 2582 870 2660 περὶ
884 2583 1005 2647 λέξεων
1023 2586 1086 2646 sive
1100 2583 1173 2661 περὶ
1191 2585 1343 2658 γλωεεῶν

169 2675 261 2735 fuisse
281 2674 396 2735 duobus
416 2675 597 2736 testimoniis
616 2676 743 2736 constat.
781 2694 850 2735 nam
869 2675 926 2752 frg.
945 2674 1012 2734 Par.
1031 2676 1207 2752 inscriptum
1227 2679 1273 2735 est
1291 2669 1341 2736 Ἐκ

166 2764 235 2824 τῶν
254 2757 503 2840 Ἀριετοφάνοιι(
527 2764 584 2824 τοῦ
610 2760 683 2839 περὶ
707 2761 827 2826 λέξεων
851 2759 1073 2840 διαλαβόντοε,
1098 2769 1129 2824 et
1153 2765 1342 2825 Herodianus

171 2854 205 2913 Il.
225 2852 347 2914 Prosod.
366 2851 392 2914 Α
410 2856 474 2913 567
495 2847 594 2933 (Euat.
615 2875 643 2930 p.
666 2855 742 2930 150,
764 2846 820 2935 17)
840 2853 1072 2930 Aristophanem
1095 2855 1200 2914 laudat
1217 2850 1254 2914 ἐν
1273 2854 1343 2918 ταῖ(

168 2939 332 3015 γλώ((αι(.
365 2944 473 3020 quibus
492 2943 673 3002 testimoniis
687 2943 759 3019 quid
778 2946 825 3002 est
843 2961 950 3003 causae
965 2961 1017 3002 cur
1035 2943 1124 3002 fidem
1138 2944 1342 3020 abrogemus?

168 3032 276 3093 ceteris
306 3032 442 3092 omnibus
471 3029 543 3092 locis
573 3032 624 3091 ubi
651 3033 823 3109 fragmenta
846 3032 1067 3108 Aristophanes.
1094 3032 1256 3091 traduntur
1284 3052 1343 3092 ιιοιι

169 3123 266 3180 totum
287 3141 361 3200 opus
381 3122 433 3180 sed
452 3121 572 3198 singula
590 3122 688 3197 operis
708 3121 806 3197 capita
824 3120 994 3197 laudantur,
1013 3122 1044 3179 in
1063 3122 1110 3181 his
1129 3122 1188 3181 duo
1209 3115 1343 3181 Ἀττικαὶ

169 3207 270 3270 λέξει(
296 3213 327 3269 et
345 3207 523 3271 Λακωνικαὶ
541 3208 678 3282 γλιῖιεεαι
701 3211 860 3286 inscripta,
883 3210 992 3286 quibus
1011 3212 1158 3270 vocabula
1180 3212 1228 3269 vel
1247 3210 1343 3269 Attici

168 3299 216 3359 vel
231 3299 369 3358 LaconIci
384 3302 502 3358 tantum
523 3300 668 3359 sermonis
686 3299 810 3375 propria
828 3301 915 3358 erant
928 3302 1067 3358 tractata.
1100 3301 1131 3358 in
1145 3299 1252 3358 ceteris
1271 3319 1342 3359 vero

170 3388 320 3464 capitibus
340 3388 502 3447 secundum
517 3392 697 3465 argumenta
715 3387 868 3463 dispositis
887 3406 948 3447 non
965 3389 1062 3446 solum
1075 3389 1210 3448 Atticum
1232 3407 1341 3448 sermo-

168 3496 237 3536 nem
262 3477 386 3537 tractari
405 3477 596 3553 perspicuum
620 3481 674 3537 est.
711 3496 771 3536 non
795 3476 915 3536 Atticae
938 3477 1055 3536 dialecti
1080 3477 1227 3538 vocabula
1251 3477 1282 3535 iu
1305 3477 1342 3537 iis

170 3567 295 3627 collecta
314 3585 475 3642 eorumque
493 3567 525 3624 in
539 3567 642 3626 Attica
660 3567 764 3642 lingua
780 3585 868 3626 usum
887 3566 1074 3624 illustratum
1093 3566 1270 3638 invenimus,
1291 3567 1343 3626 sed

169 3657 200 3714 iu
215 3656 343 3732 singulis
358 3655 618 3716 observationibus
634 3656 820 3732 singularum
835 3655 1030 3715 dialectorum
1045 3657 1192 3714 rationem
1207 3655 1342 3716 habitam

170 3761 330 3820 earumque
354 3745 569 3821 discrepantias
593 3764 652 3803 non
680 3745 773 3804 semel
801 3747 946 3804 enotatas.
988 3745 1113 3804 Aetolos
1142 3743 1251 3803 dixisse
1274 3744 1343 3804 τοῖ(

171 3826 336 3907 γερόντοι(
359 3837 390 3894 et
413 3833 482 3918 τοῖ(
511 3827 720 3908 παθημάτοι(,
751 3832 961 3897 Chalcidenses
987 3829 1142 3906 ἐλέγο(αν
1170 3826 1343 3907 ἐ(χάζο(αν

244 4038 278 4105 ⁸⁶)
299 4037 375 4093 Erot.
394 4057 420 4108 p.
443 4045 559 4107 110,15
583 4056 633 4110 pro
655 4039 854 4107 Ἀριετοφάνη(
878 4040 908 4093 ἐν
930 4046 990 4095 τοῑ(
1008 4040 1199 4107 ὑπομνήμαειν
1222 4037 1343 4093 scriben-

171 4110 238 4164 dum
262 4125 323 4164 esse
348 4110 534 4179 Ἀριετοτέλη(
557 4110 677 4167 coniecit
699 4109 801 4164 Nauck
824 4109 925 4164 Philol.
945 4111 970 4164 V
990 4116 1055 4179 861,
1085 4110 1131 4164 cui
1154 4109 1343 4179 adstipulatus

171 4184 214 4236 est
232 4180 295 4236 Val.
315 4181 388 4235 Rose
407 4179 491 4237 Arist.
514 4183 610 4251 pseud.
634 4202 661 4252 p.
682 4186 741 4236 563.
768 4212 801 4220 -
829 4181 864 4250 86)
888 4181 993 4236 Eadem
1017 4181 1130 4236 videtur
1154 4196 1214 4235 esse
1238 4181 1343 4235 Naberi

171 4253 323 4316 sententIa3
343 4251 384 4306 sic
403 4251 478 4307 enirn
497 4252 593 4307 scribit
607 4253 688 4310 Phot.
703 4251 814 4318 Prolep.
829 4270 856 4321 p.
868 4258 914 4307 72:
936 4253 1062 4308 ‘doctum
1081 4269 1151 4322 opus
1167 4251 1240 4320 quod
1257 4252 1342 4305 Ἀττι-

172 4325 221 4378 κὰ(
244 4325 328 4378 λέξει(
351 4323 541 4392 inscripserat,
567 4324 768 4395 Aristophanes
791 4322 820 4377 in
844 4323 939 4392 capita
963 4323 1167 4389 distribuerat',
1194 4325 1223 4376 et
1246 4340 1273 4391 p.
1295 4329 1342 4377 73:

171 4395 385 4523 {1⁰⁰mmt0niffffi?
400 4393 597 4465 Aristophanis
616 4413 644 4452 π.
658 4415 682 4452 τ.
703 4412 779 4463 (ιιγγ.
794 4395 836 4450 ὸν.
855 4393 953 4450 itidem
971 4397 1075 4452 ἐκτῶν
1090 4396 1223 4450 Ἀττικῶν
1241 4394 1342 4450 λέξεων

191 4483 270 4538 ecerp
286 4484 303 4524 a
321 4469 389 4524 est.
